4980 6304
1079 383 1326 458 ...57-

206 581 243 632 11
260 579 417 630 taerbmastn
482 580 578 642 gusua
640 587 671 630 111
705 584 799 631 taormn
943 580 1022 632 baba
1079 584 1170 632 tractu
1257 584 1305 632 hus
1392 583 1513 632 wldwana
1572 581 1651 632 undar
1685 595 1828 644 scaammga
1879 583 2005 647 longunga
2020 585 2033 634 1
2048 586 2134 647 longas

252 660 372 749 primos
443 657 611 724 discubitus
642 661 674 724 in
706 661 809 727 coenis
867 661 917 726 40.
951 661 1005 748 qui
1047 660 1197 728 deuorant
1228 662 1336 727 domos
1367 661 1532 726 uiduarum
1579 661 1635 726 sub
1694 662 1822 726 obtentu
1930 663 2070 750 prolixae

227 799 329 862 gtbedaa
371 797 421 847 ’tas
472 797 569 848 anteat
622 798 742 848 unsbellc
759 799 770 847 1
787 799 872 860 tongra
951 798 1009 847 dom
1185 798 1201 861 Ἰ
1270 807 1315 848 snt
1373 800 1408 850 ’te
1425 798 1521 847 halcnd
1556 811 1653 860 anagn
1706 798 1773 849 bam
1791 797 1851 849 dors
1869 798 1904 849 aa
1922 802 1944 850 ia
1962 803 2135 854 transmund

206 877 351 944 orationis
378 877 412 942 hi
446 878 595 965 accipient
675 879 826 966 prolixius
895 877 1049 942 iudicium.
1092 880 1142 942 41.
1164 877 1206 944 Et
1232 878 1344 944 sedens
1404 877 1494 943 Iesus
1551 887 1658 942 contra
1791 879 2050 966 gazophylacium

236 1015 338 1065 tlhsold
457 1015 491 1064 bu
573 1013 608 1064 ba
625 1015 682 1064 hers
724 1018 816 1079 givarp
861 1015 914 1066 bat
932 1016 1030 1064 maalon
1066 1029 1099 1066 on
1192 1017 1322 1080 gazophllt
1413 1012 1429 1075 Ἰ
1464 1014 1563 1076 moulge
1598 1015 1691 1077 weolga
1707 1015 1720 1063 1
1737 1016 1831 1064 alonae
1868 1017 2000 1080 giwurpun
2051 1021 2119 1071 tactu

206 1094 372 1183 aspiciebat
391 1092 547 1182 quomodo
583 1094 675 1158 turba
705 1093 831 1159 iactaret
923 1117 974 1160 aes
1063 1097 1095 1159 in
1115 1095 1376 1184 gazophylacium
1404 1105 1435 1160 et
1466 1094 1555 1159 multi
1647 1095 1757 1160 diuites
1850 1097 2002 1163 iactabant
2025 1099 2132 1165 multo.

282 1231 339 1281 mtb
349 1231 387 1294 ’ty
446 1245 501 1282 acm
563 1231 696 1281 wutudlica
748 1245 779 1281 au
797 1231 885 1282 vidus
937 1231 1060 1282 tonando
1094 1231 1170 1282 seoda
1204 1234 1305 1282 masten
1321 1239 1370 1282 twa
1405 1236 1504 1294 stycgos
1569 1229 1595 1306 15
1664 1233 1687 1280 is
1731 1232 1859 1294 laor’tung
1876 1236 1996 1298 paningea
2116 1235 2132 1300 Ἰ

206 1311 257 1376 42.
292 1308 374 1376 Cum
408 1309 546 1376 uenisset
581 1319 684 1374 autem
732 1309 826 1375 uidua
846 1332 908 1375 una
939 1333 1058 1399 pauper
1092 1311 1175 1375 misit
1254 1312 1316 1377 duo
1388 1311 1506 1375 minuta
1536 1310 1621 1397 quod
1653 1322 1699 1375 est
1782 1312 1945 1398 quadrans.
2024 1315 2074 1380 43.
2094 1315 2137 1382 Et

260 1447 337 1508 cagds
439 1446 536 1518 bagnae
608 1447 647 1496 hta
682 1447 760 1498 cva’o
794 1449 891 1498 tobim
925 1448 1023 1498 so’dllcs
1056 1449 1081 1498 ic
1096 1448 1185 1500 caelio
1236 1449 1285 1498 tow
1359 1447 1454 1497 torbou
1514 1449 1601 1497 wtdws
1642 1447 1702 1498 ’cios
1738 1448 1861 1498 'comenda
1896 1463 1962 1498 mara
2024 1451 2101 1500 allum

207 1548 380 1592 conuocans
402 1525 567 1613 discipulos
586 1549 658 1591 suos
701 1527 745 1591 ait
815 1527 876 1591 illis
927 1549 1018 1592 amen
1086 1527 1155 1593 dico
1216 1526 1304 1592 uobis
1331 1526 1478 1612 quoniam
1505 1526 1599 1590 uidua
1625 1528 1702 1592 haec
1728 1549 1847 1615 pauper
1882 1528 1953 1616 plus
1992 1531 2133 1597 omnibus
2174 1533 2195 1598 b

208 1666 283 1715 sande
319 1664 393 1715 'taba
445 1664 542 1714 aandun
592 1665 620 1712 in
710 1665 839 1727 gazophilt
1060 1665 1108 1714 alle
1176 1663 1270 1714 turbon
1305 1665 1333 1714 ot
1365 1663 1416 1711 blm
1458 1661 1511 1738 I5²⁰
1551 1664 1760 1726 gImouigtaldada
1793 1665 1846 1712 him
1914 1665 2013 1715 sandnn
2073 1666 2121 1718 ou

208 1745 288 1809 misit
326 1741 379 1830 qui
419 1743 568 1807 miserunt
588 1742 621 1806 in
641 1742 911 1828 gazophylacium.
952 1743 1003 1806 44.
1026 1743 1144 1810 Omnes
1183 1743 1266 1807 enim
1296 1764 1336 1808 ex
1370 1763 1407 1808 eo
1442 1742 1526 1829 quod
1566 1744 1743 1808 abundabat
1788 1741 1849 1807 illis
1887 1743 2036 1810 miserunt
2056 1745 2133 1814 haec

209 1881 305 1932 tutudi
339 1881 368 1929 ot
400 1879 488 1932 hanna
505 1880 517 1928 1
536 1879 668 1942 unspocdu
701 1879 754 1928 hlre
814 1880 862 1928 alls
921 1878 994 1931 bats
1029 1881 1070 1929 hic
1088 1879 1167 1928 haldo
1201 1879 1278 1928 sande
1336 1879 1383 1928 alla
1441 1881 1611 1943 gibrengnlsse
1657 1883 1709 1932 hita

218 1983 291 2026 uero
331 1958 371 2025 de
474 1958 603 2047 penuria
698 1981 756 2023 sua
793 1961 896 2024 omnia
918 1981 997 2047 quae
1045 1959 1153 2023 habuit
1199 1959 1283 2022 misit
1309 1968 1407 2023 totum
1469 1961 1585 2025 uictum
1633 1984 1731 2027 suum.

613 2095 629 2157 Ἰ
665 2096 722 2148 mi’b
733 2097 770 2158 ’dy
804 2097 912 2146 larunda
929 2111 984 2146 was
1019 2100 1047 2145 ot
1078 2097 1170 2158 temple
1204 2095 1282 2146 arab
1309 2095 1360 2145 him
1400 2111 1433 2146 an
1485 2099 1513 2148 ot
1562 2097 1675 2160 §Quum
1726 2099 1765 2149 his
1799 2099 1824 2147 la
1841 2101 1916 2150 larua
1951 2104 2135 2164 soaavalglsih

331 2176 407 2266 Cap.
428 2176 524 2242 XIII.
549 2178 576 2240 1.
597 2175 640 2241 Et
681 2199 751 2242 cum
789 2177 990 2264 egrederetur
1009 2175 1048 2240 de
1068 2176 1183 2263 templo
1224 2174 1266 2238 ait
1305 2175 1351 2239 illi
1372 2199 1450 2240 unus
1472 2197 1513 2242 ex
1533 2177 1690 2266 discipulis
1711 2181 1774 2244 suis
1792 2180 1940 2266 magister
2000 2183 2104 2270 aspice

220 2319 299 2367 halica
356 2323 440 2366 sunu
486 2314 503 2376 Ἰ
549 2315 617 2364 bulic
701 2315 791 2364 timber
940 2309 957 2371 Ἰ
1018 2312 1151 2363 ondwords
1203 2313 1237 2362 ’ee
1256 2313 1305 2363 hal
1338 2314 1417 2364 απυδ
1452 2315 1503 2363 him
1547 2315 1612 2378 glsih
1648 2315 1695 2367 ’du
1761 2318 1810 2367 alle
1890 2318 1962 2368 mlcls
2022 2321 2132 2383 glriuol

210 2397 315 2483 quales
336 2395 454 2484 lapides
476 2405 506 2459 et
528 2394 633 2480 quales
654 2403 834 2458 structurae
876 2391 906 2456 2.
926 2391 969 2457 llt
989 2394 1180 2480 respondens
1209 2391 1298 2457 Iesus
1361 2393 1404 2456 ait
1454 2393 1501 2458 illi
1541 2395 1629 2461 uides
1647 2395 1703 2460 has
1731 2417 1836 2462 omnes
1857 2419 1986 2484 magnas
2018 2399 2122 2466 aedifi-

234 2535 333 2594 glaucas
415 2546 448 2581 ne
504 2530 553 2580 ue
569 2532 673 2580 tcrlsten
736 2535 792 2579 sun
858 2531 912 2578 otor
988 2537 1058 2580 mana
1116 2530 1178 2581 sebe
1213 2544 1244 2580 ne
1276 2531 1313 2580 sie
1327 2533 1472 2592 tostrogdan
1573 2532 1589 2594 Ἰ
1626 2532 1684 2583 mi’b
1694 2531 1732 2595 ’dy
1770 2534 1851 2595 gisatt
1890 2547 1922 2585 ou
1956 2549 2024 2584 more
2068 2537 2136 2585 calc·

209 2611 369 2678 cationes?
396 2635 460 2676 non
499 2611 692 2697 relinquetur
727 2611 804 2698 lapIs
839 2631 932 2696 super
959 2609 1093 2698 lapidem
1121 2610 1258 2697 quinon
1286 2610 1469 2677 destruatur.
1511 2614 1541 2678 3.
1562 2613 1605 2678 Et
1642 2634 1712 2676 cum
1742 2613 1864 2680 sederet
1883 2614 1916 2678 in
1936 2625 2042 2681 monte
2070 2616 2124 2680 oh‘·
2155 2619 2195 2682 10

220 2753 307 2802 haema
349 2763 451 2813 onssagu
502 2747 596 2811 temple
688 2746 859 2810 flgitmgnnn
918 2748 976 2798 blne
1027 2750 1165 2810 synderlice
2078 2767 2134 2816 ,ομ

209 2853 318 2896 uarum
339 2839 447 2895 contm
469 2828 619 2917 templum
655 2829 888 2914 interrogabant
909 2851 980 2893 eum
1013 2829 1177 2916 separatim
1206 2827 1319 2894 Petrus
1347 2838 1378 2894 et
1403 2826 1535 2892 Iacobus
1565 2837 1595 2892 et
1622 2827 1756 2894 Ioannes
1784 2837 1814 2893 et
1834 2828 1979 2894 Andreas
2020 2832 2050 2894 4.
2078 2832 2128 2900 dic

241 2983 271 3018 na
331 2967 436 3016 becuns
470 2965 519 3016 'tao
552 2965 653 3015 biotuu
698 2962 714 3025 Ἰ
755 2965 807 3015 aar
867 2967 947 3015 bacun
998 2965 1047 3016 nie
1089 2967 1191 3015 hwenna
1240 2965 1289 3016 ’cas
1356 2966 1404 3014 alla
1463 2964 1595 3028 angluna't
1634 2972 1660 3013 to
1680 2965 1793 3015 endanna
1813 2965 1824 3013 I
1841 2968 1878 3014 sta
1896 2966 1991 3016 andade
2107 2969 2123 3032 Ἰ

209 3049 296 3114 nobis
320 3046 443 3134 quando
465 3045 522 3110 ista
552 3045 651 3110 licut?
686 3054 716 3110 et
737 3045 822 3132 quod
841 3045 965 3132 signum
992 3045 1051 3111 erit
1075 3044 1199 3132 quando
1227 3045 1305 3111 haec
1329 3045 1433 3110 omnia
1457 3043 1605 3131 incipient
1687 3045 1918 3110 consummari?
2040 3050 2070 3114 ὃ.
2091 3049 2133 3116 Et

248 3183 364 3234 onvorda
415 3182 509 3233 bahal
542 3196 624 3244 onaan
658 3182 762 3232 cwsoba
795 3183 847 3232 him
880 3183 1001 3244 gtsaasge
1038 3183 1114 3233 esta
1147 3186 1230 3244 naulg
1262 3184 1311 3232 iou
1350 3182 1448 3245 gisaico
1555 3183 1653 3244 menige
1686 3181 1780 3232 turbon
1824 3181 1918 3232 cnma’c
1953 3197 1986 3232 on
2043 3199 2116 3237 noma

208 3262 397 3352 respondens
418 3261 506 3326 Iesus
529 3261 629 3349 coepit
659 3262 762 3327 dicere
788 3261 849 3326 illis
890 3260 993 3328 uidete
1060 3284 1102 3326 ne
1153 3262 1222 3348 quis
1261 3284 1316 3327 uos
1337 3262 1471 3327 seducat
1503 3261 1533 3326 6.
1554 3261 1646 3325 Multi
1686 3261 1768 3326 euim
1804 3261 1929 3326 uenient
1949 3262 1981 3326 in
2009 3267 2133 3333 nomine

208 3404 303 3450 minum
337 3399 475 3450 evadenda
517 3397 569 3476 “pte
629 3401 653 3448 ic
711 3413 751 3448 am
801 3398 818 3460 Ἰ
864 3399 962 3460 monlge
1004 3397 1051 3448 hta
1068 3399 1181 3460 glaston
1287 3398 1344 3450 mili
1355 3399 1393 3461 ’65
1427 3399 1526 3448 vutudt
1576 3399 1673 3461 gnam
1725 3399 1803 3460 gilaht
1837 3395 1853 3460 Ἰ
1890 3413 1961 3450 vona
1977 3402 1990 3451 1
2005 3417 2136 3467 memunga

218 3501 287 3544 meo
336 3479 471 3544 dicentes
509 3479 582 3566 quia
607 3499 667 3565 ego
695 3499 764 3542 sum
791 3489 822 3544 ct
851 3479 966 3544 multos
1007 3479 1163 3544 seducent.
1217 3480 1247 3542 7.
1289 3477 1371 3546 Cum
1420 3487 1522 3543 autem
1547 3478 1704 3543 audieritis
1722 3478 1805 3544 bella
1828 3491 1858 3545 et
1932 3481 2091 3569 opiniones

209 3615 271 3664 uara
287 3616 380 3673 mtehta
414 3631 446 3666 ns
480 3615 603 3666 oadradas
622 3629 651 3676 gs
685 3616 707 3664 is
725 3615 780 3664 raht
796 3616 808 3663 1
825 3615 864 3664 hta
883 3617 947 3666 accal
981 3614 1074 3665 turbon
1200 3629 1267 3665 vosa
1302 3617 1332 3664 ah
1372 3629 1404 3665 ns
1423 3615 1460 3666 ’ca
1478 3621 1521 3677 get
1555 3618 1576 3664 ta
1595 3615 1658 3664 enda
1794 3617 1881 3666 arisae
1932 3617 2027 3668 forus
2061 3633 2126 3682 cynu

218 3695 373 3760 bellorum
409 3717 449 3760 ne
490 3695 651 3760 timueritis
755 3705 875 3782 oportet
985 3696 1067 3762 enim
1094 3694 1171 3760 haec
1197 3693 1265 3759 fieri
1292 3693 1349 3759 sed
1375 3694 1516 3760 noudum
1567 3695 1647 3760 linis.
1707 3697 1737 3760 8.
1759 3695 1918 3784 Exsmget
1938 3697 2019 3763 enim
2050 3721 2129 3786 gens
2154 3703 2193 3768 15

236 3852 287 3901 oter
359 3863 440 3913 cynm
491 3846 507 3911 Ἰ
575 3853 625 3900 rice
702 3851 754 3900 oter
844 3851 893 3899 riae
962 3847 979 3909 Ἰ
1014 3847 1113 3898 blotan
1148 3846 1229 3897 aurbu
1269 3848 1407 3898 hrosruisae
1443 3847 1506 3898 'terh
1541 3855 1618 3900 atowe
1652 3847 1669 3909 Ἰ
1704 3850 1830 3910 narmi
1873 3851 1952 3899 trama
1995 3866 2057 3902 vare
2070 3867 2124 3904 saro

208 3942 315 3998 contm
334 3939 460 4019 gentem
479 3943 510 3996 et
529 3951 661 4017 regnum
684 3927 777 4018 super
798 3949 931 4016 regnum
951 3937 982 3994 ct
1020 3937 1111 3994 amnt
1134 3937 1235 3993 terrae
1287 3937 1388 3992 motus
1447 3950 1503 4015 per
1542 3927 1611 3993 loca
1645 3938 1676 3993 et
1710 3929 1816 3994 fames.
1846 3929 1966 3994 initium
1988 3929 2131 3998 dolorum

227 4084 274 4136 ’tu
402 4087 483 4145 uaeas
518 4083 606 4134 bonne
623 4083 635 4131 1
651 4083 764 4133 bibaldu
817 4083 891 4132 lowih
909 4083 973 4131 solla
1023 4082 1071 4131 hta
1090 4080 1174 4131 sallat
1213 4079 1307 4132 turbon
1342 4082 1416 4132 loveth
1451 4087 1477 4130 to
1511 4082 1662 4145 gimoettnga
1696 4079 1712 4142 Ἰ
1749 4083 1775 4131 in
1817 4097 1954 4147 aomnnnge
1987 4101 2018 4147 ge
2034 4087 2133 4138 blobuu

208 4165 292 4230 haec.
334 4163 364 4228 9.
386 4161 500 4231 Uidete
589 4171 691 4227 autem
794 4162 1005 4251 nosmetipsos.
1036 4161 1160 4226 tradent
1219 4161 1302 4226 enim
1350 4184 1407 4226 uos
1442 4161 1473 4224 in
1516 4161 1652 4226 concihis
1684 4171 1715 4226 et
1744 4162 1777 4226 in
1797 4163 1968 4250 synagogis
2016 4187 2110 4255 uapu-

207 4317 346 4381 gtswenced
378 4315 395 4377 Ἰ
432 4316 512 4366 bifora
547 4315 774 4379 undercynigahtc)
815 4314 830 4375 Ἰ
867 4317 958 4378 cynign
992 4329 1022 4376 ge
1038 4315 1135 4389 blopun
1152 4313 1291 4364 standandc
1350 4317 1402 4363 tore
1471 4329 1524 4364 mec
1558 4327 1591 4363 cu
1660 4313 1779 4376 syonna
1856 4317 1907 4366 him
2045 4316 2062 4378 Ἰ
2098 4334 2130 4371 on

229 4398 329 4464 labitis
371 4406 402 4462 et
433 4407 505 4462 ante
552 4396 708 4483 praesides
806 4405 837 4460 ct
867 4417 957 4482 reges
1081 4393 1198 4459 stabitis
1317 4404 1445 4481 propter
1473 4416 1524 4460 me
1561 4395 1595 4458 in
1621 4395 1828 4461 testimonium
1847 4395 1918 4460 illis.
1962 4397 2010 4461 10.
2032 4395 2074 4463 Ε1
2098 4400 2131 4464 in

242 4553 293 4601 altu
354 4563 462 4611 mnam
533 4551 599 4600 arist
680 4551 767 4612 girises
818 4557 845 4598 tc
862 4548 976 4599 bodaune
1054 4547 1168 4612 rodspsll
1353 4544 1369 4606 Ἰ
1406 4547 1463 4597 mi’t
1473 4547 1510 4611 ’⁶5
1560 4548 1661 4610 gtladss
1711 4549 1786 4598 iowih
1819 4555 1845 4598 to
1862 4550 1972 4599 conanus
2006 4551 2084 4600 ualles
2101 4567 2131 4614 ge

208 4651 316 4696 omnes
353 4639 462 4716 gentes
498 4629 631 4717 primum
663 4637 784 4716 oportet
814 4627 986 4715 praedicari
1016 4628 1221 4714 euangehum.
1272 4628 1321 4691 11.
1341 4625 1384 4691 Et
1423 4651 1494 4692 oum
1535 4627 1680 4693 duxerint
1718 4651 1773 4693 uos
1814 4628 1969 4695 tradentes
2019 4631 2115 4698 nolite

206 4785 300 4848 budiga
316 4785 329 4832 1
346 4784 429 4834 tenca
462 4785 534 4833 hant
593 4799 622 4846 ge
640 4797 724 4846 spraca
783 4783 813 4830 ah
866 4781 943 4832 estu
1009 4780 1064 4831 sald
1138 4781 1187 4831 1111
1256 4783 1304 4830 lov
1347 4794 1379 4830 ou
1415 4783 1469 4834 'ear
1503 4781 1555 4832 tide
1590 4782 1667 4833 batte
1716 4783 1827 4846 glapreec
1887 4797 1918 4832 ns
1956 4783 2050 4834 rorem
2084 4787 2133 4836 lov

207 4864 419 4953 praecogitare
461 4863 536 4950 quid
569 4862 738 4949 loquamini
768 4861 825 4926 sed
859 4861 942 4948 quod
978 4860 1082 4926 datum
1112 4860 1204 4925 fuerit
1229 4860 1317 4926 uobis
1344 4861 1376 4924 in
1413 4862 1467 4926 illa
1493 4862 1572 4927 hora
1609 4861 1642 4925 id
1680 4860 1850 4947 loquimini.
1871 4883 1934 4926 non
1962 4863 2043 4928 enim
2074 4887 2130 4930 uos
2150 4867 2191 4932 20

206 5019 308 5070 biotou
351 5015 483 5082 apracande
534 5017 565 5066 ab
617 5031 660 5077 gas
673 5017 726 5078 (ate)
779 5015 851 5079 balga
1020 5015 1092 5066 salse
1135 5015 1233 5064 uumdt
1266 5015 1361 5065 orosa
1396 5015 1465 5066 boue
1482 5014 1576 5066 brono
1609 5015 1637 5064 in
1689 5013 1759 5064 deo’d
1819 5012 1836 5074 Ἰ
1873 5014 1949 5065 tader
1982 5017 2052 5068 aona
2069 5031 2132 5068 anno

221 5098 293 5163 estis
335 5098 496 5184 loquentes
524 5093 579 5160 sed
606 5094 729 5182 spiritus
751 5105 883 5161 sanctus.
926 5096 975 5160 12.
997 5095 1115 5160 Tradet
1133 5104 1235 5160 autem
1265 5094 1362 5160 frater
1422 5095 1548 5161 fratrem
1607 5094 1640 5158 in
1661 5104 1792 5158 mortem
1815 5103 1845 5158 et
1863 5105 1952 5183 pater
2012 5097 2109 5162 filium

215 5251 233 5314 Ἰ
282 5254 337 5302 atne
354 5252 431 5302 aritae
474 5249 511 5301 ’ta
527 5262 591 5300 auno
626 5263 658 5298 on
694 5250 761 5300 tam
782 5248 884 5299 altrum
917 5245 933 5310 Ἰ
970 5255 996 5298 to
1014 5248 1097 5299 dea’ec
1148 5247 1247 5298 sordeas
1308 5248 1355 5296 his
1508 5246 1525 5308 Ἰ
1562 5261 1592 5310 gs
1609 5247 1706 5298 bio'ton
1741 5247 1802 5298 labo
1868 5249 1944 5298 allum
2046 5243 2101 5310 tori

208 5343 240 5398 et
261 5340 449 5419 consurgent
509 5329 564 5394 filii
622 5329 655 5392 in
716 5339 858 5415 parentes
907 5338 939 5394 et
985 5337 1085 5394 morte
1132 5327 1266 5392 afficient
1303 5349 1365 5393 eos.
1419 5328 1467 5392 13.
1489 5325 1531 5392 Et
1594 5326 1676 5394 eritis
1734 5326 1806 5392 odio
1834 5328 1975 5394 omnibus
2005 5339 2132 5416 propter

1928 5427 1948 5490 8
