4980 6304
1097 396 1417 519 -41-5»

258 591 339 646 solbe
506 594 521 656 Ἰ
591 596 680 645 inaode
733 597 811 647 crab
845 598 940 646 tobim
975 598 1046 646 brat
1079 611 1140 646 amn
1158 613 1187 659 ga
1206 597 1321 660 onstyrad
1357 587 1373 656 Ἰ
1427 592 1522 645 bremae
1575 590 1628 646 'tet
1645 596 1754 656 magdon
1798 610 1830 646 na
1891 598 1912 646 ia
1982 601 2045 650 deod
2113 595 2144 650 ah

228 675 370 742 multum.
414 676 464 740 39.
487 674 528 740 Et
548 677 704 764 ingressus
746 676 789 741 ait
858 676 919 740 illis
969 675 1043 761 quid
1116 677 1281 740 turbamini
1347 685 1377 740 et
1396 674 1547 762 ploratis?
1609 675 1713 763 puella
1780 698 1844 740 non
1875 687 1921 742 est
1950 689 2071 744 mortua
2099 680 2153 746 sed

240 813 330 877 slepeb
474 810 491 872 Ἰ
545 814 667 876 tnblogun
725 815 781 864 hina
850 815 880 862 ha
914 812 1005 862 brabra
1040 812 1096 862 mit
1114 811 1235 862 tordritnu
1304 815 1381 862 allum
1450 812 1534 873 glnom
1578 811 1781 873 bonoledar]
1835 816 1922 865 moder
1964 817 2152 880 ’cermagdnea

226 891 347 958 dormit.
391 895 441 956 40.
464 891 506 958 Et
526 893 695 959 irridebant
717 917 796 960 eum.
835 895 900 980 ipse
927 913 1002 958 uero
1085 892 1188 957 eiectis
1271 893 1413 958 omnibus
1435 893 1562 957 assumit
1604 903 1722 980 patrem
1761 905 1792 959 et
1818 903 1949 960 matrem
2010 897 2132 984 predae

230 1027 246 1089 Ἰ
278 1029 359 1080 ’baba
392 1028 449 1080 mat
467 1031 518 1080 him
553 1045 637 1080 'arun
681 1029 697 1091 Ἰ
767 1031 880 1082 intoarda
940 1030 994 1080 ber
1045 1043 1101 1079 was
1135 1029 1189 1080 ’Get
1206 1030 1319 1092 magdon
1353 1031 1465 1093 licgenda
1611 1025 1628 1087 Ἰ
1665 1030 1765 1092 gtbaold
1827 1034 1909 1082 honde
1954 1033 2009 1083 bea
2027 1035 2151 1096 megdnas

222 1119 252 1172 et
293 1110 346 1195 qui
400 1131 505 1174 secum
547 1121 635 1176 erant
671 1124 701 1177 et
731 1111 906 1199 ingreditur
935 1110 988 1176 ubi
1038 1120 1104 1175 erat
1172 1109 1276 1197 puella
1344 1110 1456 1176 iacens.
1520 1112 1570 1174 41.
1593 1109 1634 1174 Et
1663 1119 1771 1175 tenens
1805 1133 1932 1176 manum
1995 1113 2116 1200 puellae

221 1246 299 1296 coreb
333 1251 360 1294 to
378 1246 417 1296 hir
452 1246 614 1297 'tiababrtso
647 1247 716 1297 word
757 1247 810 1298 ’tet
861 1252 883 1298 ia
917 1247 1179 1312 gitrahtadonlaeden
1214 1247 1335 1296 ladohtar
1370 1247 1404 1297 ’sa
1439 1250 1533 1309 tarega
1586 1249 1634 1296 aris
1787 1247 1804 1307 Ἰ
1885 1261 1945 1300 rona
2062 1265 2115 1301 aras

241 1325 283 1388 ait
355 1325 400 1388 illi
464 1325 590 1390 Talitba
641 1327 722 1392 cumi
744 1327 827 1413 quod
850 1337 895 1393 est
929 1328 1163 1415 interpretatum
1218 1326 1322 1414 puella
1361 1325 1415 1390 tibi
1450 1325 1519 1390 dico
1562 1348 1664 1414 surge.
1701 1329 1751 1391 42.
1773 1327 1815 1391 Et
1836 1329 1996 1394 confestim
2017 1331 2150 1396 surrexit

223 1463 275 1514 bet
291 1461 402 1524 magdon
438 1459 454 1521 Ἰ
491 1463 551 1512 coda
570 1465 701 1525 gongonda
719 1479 773 1514 uras
808 1479 863 1514 πει
898 1465 997 1516 wutudt
1057 1467 1146 1515 wintra
1249 1465 1331 1513 tuella
1417 1462 1432 1523 Ἰ
1521 1464 1655 1526 tomtyltun
1724 1466 1851 1527 swiguuge
1885 1465 1984 1514 micalra
2124 1465 2139 1526 Ἰ

261 1542 365 1629 puella
428 1553 458 1607 et
541 1543 727 1609 ambulabat.
806 1555 871 1609 erat
895 1554 998 1610 autem
1026 1567 1177 1610 annorum
1204 1543 1376 1608 duodecim.
1405 1555 1435 1608 et
1462 1544 1685 1632 obstupuerunt
1715 1545 1839 1631 stupore
1866 1565 1990 1630 magno.
2037 1545 2087 1610 43.
2109 1545 2152 1610 Et
2191 1549 2211 1612 5

254 1681 345 1729 bibaod
398 1680 465 1730 bem
552 1680 633 1732 sariba
709 1681 735 1757 ᾗ
771 1683 854 1744 manig
872 1695 931 1730 mon
1017 1684 1087 1732 triste
1127 1679 1143 1742 Ἰ
1182 1682 1260 1732 cwe’c
1295 1683 1368 1730 sallas
1403 1682 1441 1729 hir
1534 1689 1588 1730 eata

220 1761 376 1846 praecepit
403 1761 463 1824 illis
485 1761 684 1827 uehementer
703 1773 738 1827 ut
799 1783 890 1827 nemo
952 1763 983 1828 id
1006 1763 1097 1828 scirct
1117 1773 1147 1827 et
1179 1762 1258 1825 dixit
1298 1761 1365 1824 dari
1396 1761 1443 1824 illi
1463 1761 1658 1825 manducare.

586 1899 602 1956 Ἰ
666 1898 749 1948 toarda
802 1899 873 1950 bana
907 1901 967 1950 arde
1002 1902 1028 1948 in
1081 1900 1157 1950 oabel
1236 1901 1275 1947 his
1319 1896 1334 1958 Ἰ
1415 1899 1530 1960 tyligduu
1605 1898 1657 1945 him
1710 1896 1806 1958 banaa
1859 1898 1897 1946 bis
2000 1897 2015 1958 Ἰ
2053 1900 2149 1961 graue

344 1975 419 2064 Cap.
442 1975 500 2040 VI.
524 1979 551 2040 1.
573 1977 615 2042 Et
635 1999 777 2065 egressus
803 1979 875 2043 inde
901 1981 974 2044 abiit
994 1981 1026 2043 in
1048 1981 1179 2068 patriam
1200 2002 1287 2042 suam
1308 1989 1340 2043 et
1361 1979 1567 2064 sequebantur
1588 1999 1658 2041 eum
1680 1975 1820 2063 discipuli
1846 1977 1901 2041 sui.
1936 1978 1966 2042 2.
1983 1977 2025 2042 Et
2058 1981 2139 2043 sacto

220 2114 340 2176 baligdeg
375 2128 455 2176 ongan
489 2117 516 2166 iu
543 2117 827 2178 somnnngatlnsproca
868 2118 925 2165 lere
975 2114 991 2177 Ἰ
1023 2119 1122 2179 manige
1157 2117 1278 2178 gibardun
1313 2115 1566 2179 givundradawarun
1601 2117 1627 2162 ln
1680 2115 1758 2163 larum
1825 2115 1862 2163 hta
1898 2115 2034 2166 evadende
2060 2117 2148 2166 huam

220 2194 348 2259 sabbato
369 2194 469 2281 coepit
491 2195 522 2259 in
595 2219 760 2282 synagoga
841 2196 953 2262 docere
974 2196 1113 2262 etmulti
1134 2196 1291 2261 audientes
1325 2195 1556 2260 admirabantur
1593 2195 1624 2257 in
1647 2193 1786 2259 doctrina
1807 2195 1871 2258 eius
1894 2195 2027 2260 dicentes
2058 2195 2141 2261 unde
2197 2250 2203 2261 .

221 2329 372 2380 bratbisst
412 2331 459 2379 alla
495 2332 673 2394 cananum
698 2334 710 2381 t
744 2334 821 2384 barala
848 2331 881 2400 [is
940 2340 1044 2396 suptar*
1081 2330 1137 2398 oro]
1173 2335 1254 2396 gisald
1288 2349 1343 2382 waes
1374 2334 1425 2381 him
1460 2328 1476 2391 Ἰ
1521 2331 1608 2380 mahta
1643 2331 1680 2381 'ta
1691 2331 1742 2381 ileu
1770 2331 1840 2382 ’tabe
1875 2333 1939 2383 ’terh
1965 2333 2048 2383 bonde
2100 2335 2139 2382 his

262 2409 333 2474 buic
395 2409 472 2476 hacc
530 2412 656 2476 omnia‘?
691 2421 722 2478 et
742 2434 821 2499 quae
842 2423 888 2477 est
908 2414 1056 2500 sapientia
1077 2435 1156 2501 quae
1178 2414 1249 2478 data
1292 2423 1338 2478 est
1378 2413 1422 2477 illi
1452 2423 1482 2476 et
1502 2411 1629 2476 uirtutes
1657 2411 1732 2475 tales
1763 2433 1842 2497 quac
1875 2433 1931 2499 per
1951 2435 2060 2477 manus
2081 2413 2146 2477 cius

217 2547 309 2607 gideon
327 2546 426 2597 bio’tcn
534 2550 564 2597 ab
583 2563 616 2598 na
652 2549 694 2600 ’tls
735 2551 757 2598 ts
791 2551 888 2601 amitas
923 2565 988 2602 sunu
1022 2549 1143 2611 Ἰιιιιιίω
1173 2551 1266 2600 brobor
1298 2551 1396 2600 iaccbat
1430 2546 1446 2609 Ἰ
1508 2543 1578 2612 toras)
1624 2544 1640 2606 Ἰ
1692 2548 1765 2596 iudas
1808 2546 1824 2608 Ἰ
1871 2551 1976 2600 aimonis
2059 2552 2090 2600 ah
2108 2567 2139 2600 na

196 2625 419 2690 efficiuntur?
461 2627 490 2691 3.
512 2627 545 2692 N
548 2649 629 2693 orme
650 2629 700 2694 hic
722 2639 768 2694 cst
797 2631 887 2697 faber
912 2631 994 2696 filius
1019 2629 1138 2696 Mariae
1170 2631 1265 2694 frater
1292 2628 1398 2694 lacobi
1426 2639 1457 2694 et
1476 2627 1592 2716 Ioseph
1614 2635 1645 2691 et
1678 2626 1776 2692 Iudae
1800 2637 1831 2693 et
1850 2626 2010 2695 Simonis?
2043 2653 2147 2695 nonne
2169 2632 2208 2696 10

287 2769 387 2812 svmtar
525 2765 567 2814 ber
601 2766 658 2816 calb
675 2766 732 2816 mi't
775 2767 869 2816 sladum
902 2764 918 2827 Ἰ
946 2770 1124 2832 ‘onapyrnada
1141 2782 1225 2817 namn
1260 2770 1287 2816 tn
1321 2768 1373 2816 him
1492 2763 1508 2826 Ἰ
1562 2765 1640 2815 atreb
1692 2772 1717 2814 to
1735 2766 1787 2814 him
1830 2765 1865 2817 ’aa
1883 2767 1931 2816 ner
1964 2767 2057 2817 torbon
2101 2782 2132 2817 na

220 2852 251 2907 et
279 2865 401 2908 sorores
431 2844 496 2909 eius
516 2845 568 2909 hic
588 2846 750 2911 nobiscum
778 2847 871 2912 sunt?
899 2857 930 2912 ct
950 2846 1238 2912 scandalizabantur
1258 2847 1289 2910 in
1318 2847 1382 2911 illo.
1424 2848 1454 2910 4.
1478 2846 1519 2910 Et
1539 2844 1660 2909 dicebat
1712 2844 1771 2909 illis
1834 2844 1921 2910 Iesus
1973 2847 2045 2932 quia
2083 2869 2146 2912 non

236 2983 258 3028 is
324 2983 398 3043 witga
469 2985 530 3032 buta
563 2983 702 3046 werburga
736 2986 797 3034 buta
837 2997 869 3034 on
914 2984 989 3034 aetite
1023 2986 1062 3034 hta
1097 2981 1112 3043 Ἰ
1151 2997 1183 3033 ou
1219 2983 1308 3050 cyb’co
1343 2984 1382 3032 bis
1417 2980 1432 3042 Ἰ
1471 2984 1497 3032 in
1584 2983 1646 3032 husa
1731 2983 1769 3030 bis
1899 2981 1914 3043 Ἰ
1961 2998 1992 3033 na
2044 2984 2130 3033 mahta

220 3070 264 3125 est
285 3061 436 3149 propheta
467 3064 534 3128 sine
576 3064 696 3129 honore
741 3065 799 3128 nisi
842 3065 874 3128 in
904 3065 1003 3152 patria
1023 3087 1079 3129 sua
1101 3075 1130 3129 et
1153 3065 1185 3128 in
1217 3064 1309 3127 domo
1336 3085 1392 3126 aua
1414 3072 1445 3128 et
1463 3063 1496 3126 in
1518 3061 1702 3150 cognatione
1720 3085 1784 3127 sua.
1827 3062 1858 3127 b.
1880 3062 1921 3127 Et
1942 3085 2005 3126 non
2026 3073 2147 3149 poterat

220 3199 267 3250 'ber
302 3201 367 3262 anig
571 3203 694 3263 glwyrcan
729 3204 790 3251 buta
832 3202 905 3252 buon
952 3205 1092 3266 uutrymiga
1126 3203 1184 3254 mib
1203 3209 1335 3252 ousetnum
1385 3199 1469 3250 honde
1519 3201 1783 3264 gangandalgibaelda
1883 3197 1899 3259 Ἰ
1936 3201 2146 3262 gtuundradwes

218 3278 261 3343 ibi
288 3279 383 3344 ullam
404 3281 548 3344 uirtutem
580 3282 682 3346 facere
730 3280 788 3345 nisi
809 3293 923 3370 paucos
951 3283 1090 3348 infirmos
1152 3283 1301 3370 impositis
1353 3282 1494 3346 manibus
1587 3281 1713 3347 curauit
1829 3281 1858 3344 6.
1879 3280 1921 3344 Et
1958 3281 2127 3346 mirabatur

261 3417 314 3464 tora
392 3417 608 3478 ungilooflulnissa
673 3419 748 3469 heora
797 3415 813 3478 Ἰ
865 3422 985 3482 ymbeada
1026 3421 1063 3472 ’ta
1079 3427 1164 3484 portas
1199 3426 1260 3469 utan
1329 3421 1386 3482 ymb
1464 3419 1563 3481 gtlaerda
1681 3415 1697 3478 Ἰ
1735 3421 1789 3468 atne
1807 3419 1908 3481 gicegde
1968 3421 2050 3469 taratra
2120 3416 2137 3478 Ἰ

219 3505 345 3582 propter
376 3495 620 3561 incredulitatem
652 3519 759 3562 eorum
792 3509 822 3563 et
850 3500 997 3564 circuibat
1033 3501 1157 3564 castella
1213 3501 1245 3563 in
1287 3499 1414 3564 circuitu
1446 3497 1570 3564 docens.
1620 3499 1649 3563 7.
1671 3497 1712 3562 Et
1764 3499 1886 3563 uocauit
1932 3499 2095 3564 duodecim
2116 3513 2146 3566 et

231 3645 313 3695 angen
347 3633 394 3682 hta
442 3635 519 3684 aenda
558 3640 651 3698 twoaga
685 3633 701 3694 Ἰ
738 3638 832 3698 giralda
867 3639 918 3688 blm
987 3641 1074 3688 mahta
1197 3644 1266 3700 grata
1386 3638 1519 3708 unclrcnra¹
1670 3631 1686 3694 Ἰ
1757 3637 1846 3685 bibeod
1900 3637 1951 3686 him
1976 3636 2028 3686 ’det
2054 3639 2147 3686 nentbt

219 3711 319 3800 coepit
345 3735 398 3778 eos
419 3713 540 3779 mittere
559 3715 648 3780 binos
675 3726 706 3782 et
737 3717 829 3783 dabat
860 3718 920 3783 illis
940 3727 1121 3806 potestatem
1142 3717 1304 3806 spirituum
1325 3715 1563 3780 immundorum.
1607 3715 1635 3780 8.
1658 3715 1699 3778 Et
1719 3717 1874 3802 praecepit
1902 3718 1944 3780 eis
1979 3738 2019 3781 ne
2061 3719 2133 3804 qnid
2168 3722 2207 3785 lb

218 3852 265 3900 biae
283 3850 388 3913 gilaedda
423 3865 457 3901 on
490 3866 560 3914 ποις
593 3854 669 3902 butan
721 3856 795 3917 garda
891 3869 937 3906 ana
1015 3871 1046 3906 no
1080 3856 1190 3920 polibat
1210 3869 1272 3919 poso
1312 3868 1344 3904 aa
1421 3852 1473 3900 hm
1558 3864 1591 3900 na
1660 3865 1692 3901 on
1728 3853 1840 3914 gyrdetsa
1874 3858 1974 3904 maalon
2103 3859 2133 3906 ab

232 3933 377 3998 tollerent
422 3933 454 3996 in
496 3935 546 3996 uia
597 3933 655 3998 nisi
697 3936 817 4022 uirgam
850 3944 969 4000 tantum
999 3957 1063 3999 non
1125 3957 1233 4023 peram
1292 3955 1355 3998 non
1386 3953 1498 4019 panem
1527 3953 1628 4016 neque
1654 3931 1687 3994 in
1739 3955 1817 3997 zona
1879 3955 1939 3998 aes.
2028 3937 2057 4002 9.
2081 3934 2145 4003 Sed

242 4087 342 4148 gmcoad
395 4085 451 4136 mit
473 4086 608 4148 beorgum
641 4083 658 4145 Ἰ
695 4103 726 4138 ne
760 4089 899 4152 gigaoruad
919 4103 981 4138 ware
1016 4088 1073 4138 mi'o
1091 4093 1170 4136 tuam
1204 4089 1318 4136 tunicam
1445 4082 1461 4144 Ἰ
1505 4086 1608 4147 morab
1643 4086 1739 4134 tobim
1778 4101 1828 4136 swa
1845 4089 1939 4138 hwidar
1957 4105 2007 4140 sua
2075 4105 2104 4152 ga

220 4167 370 4232 calceatos
429 4165 575 4230 sandaliis
635 4178 665 4232 et
690 4189 729 4258 ne
767 4168 969 4233 induerentur
1031 4167 1149 4232 duabus
1200 4167 1319 4231 tunicis.
1363 4167 1411 4230 10.
1434 4165 1475 4230 Ε1
1497 4165 1617 4230 dicabat
1673 4165 1716 4230 eis
1797 4191 1991 4257 quocumque
2052 4171 2145 4234 intro-

236 4335 294 4384 guas
346 4323 373 4370 tn
434 4321 481 4370 bus
551 4321 600 4372 bar
641 4321 736 4371 wuna’t
771 4321 824 4372 wtb
841 4323 853 4370 1
871 4321 924 4372 tat
958 4337 988 4384 ga
1005 4336 1041 4384 ge
1076 4322 1148 4372 ’tona
1275 4319 1291 4379 Ἰ
1328 4336 1378 4371 sua
1396 4323 1473 4371 breta
1490 4335 1540 4370 swa
1584 4335 1616 4370 ue
1683 4321 1779 4372 onroas
1847 4324 1895 4372 iou
1935 4337 1967 4373 na
2035 4323 2129 4384 giharas

219 4401 314 4466 ieritis
339 4401 372 4464 in
394 4399 520 4466 domum
541 4399 604 4465 illic
624 4412 747 4467 manete
800 4401 898 4467 donec
940 4402 1055 4466 exeatis
1076 4401 1157 4466 inde
1202 4404 1249 4465 11.
1264 4402 1306 4466 Et
1345 4401 1529 4488 quicumque
1563 4423 1627 4466 non
1647 4403 1819 4489 receperint
1840 4425 1894 4468 uos
1916 4423 1973 4467 nec
1994 4403 2146 4468 audierint

219 4558 268 4604 ior
302 4553 359 4604 mis
379 4553 415 4616 ’ey
433 4568 506 4616 garta
542 4554 611 4605 ’bona
645 4569 732 4604 sacam
749 4556 761 4604 t
778 4554 867 4618 drygm
902 4554 1190 4606 caesareorum
1224 4558 1251 4604 of
1309 4556 1389 4603 totum
1456 4557 1559 4604 iowmm
1598 4556 1625 4604 in
1707 4555 1828 4617 cyonisso
1911 4556 1962 4604 blm
2120 4557 2136 4617 Ἰ

220 4657 276 4700 uos
328 4644 475 4700 excumes
538 4634 611 4700 inde
684 4636 816 4700 excutite
961 4636 1120 4724 puluerem
1214 4635 1253 4700 dc
1285 4634 1415 4722 pedibus
1453 4635 1562 4698 uestris
1594 4635 1626 4698 in
1661 4634 1868 4699 testimonium
1902 4634 1972 4699 illia.
2033 4636 2081 4700 12.
2104 4635 2146 4702 Et

219 4789 277 4840 mit
295 4790 333 4850 sy
350 4789 459 4851 pacton
493 4793 520 4836 to
539 4790 591 4837 him
610 4788 766 4838 torbodadun
801 4787 852 4866 'pta
943 4789 1070 4838 licaoniam
1156 4791 1241 4840 dodun
1395 4785 1411 4848 Ἰ
1466 4789 1569 4837 diowlas
1621 4789 1720 4850 manige
1770 4789 1887 4838 rordriten
1944 4787 1961 4849 Ἰ
2004 4791 2130 4842 amiradus

269 4881 415 4935 exeuntes
530 4869 747 4956 praedicabant
815 4879 850 4933 ut
889 4869 1110 4956 poenitentiam
1131 4879 1268 4956 agerent.
1311 4870 1360 4934 13.
1382 4867 1423 4934 Et
1444 4869 1606 4933 daemorua
1626 4868 1723 4933 multa
1750 4866 1910 4932 eiiciebant
1937 4879 1968 4934 et
1988 4872 2146 4957 ungebant
2167 4873 2208 4936 20

220 5023 340 5074 mi'toala
365 5020 464 5085 manige
499 5025 638 5084 untrymlga
672 5020 688 5082 Ἰ
741 5025 845 5086 gibelde
999 5020 1016 5082 Ἰ
1058 5021 1157 5084 giharda
1208 5022 1311 5071 herodas
1353 5024 1445 5085 cyning
1504 5035 1623 5082 aowunga
1682 5022 1776 5072 forban
1808 5021 1934 5084 siwordau
1968 5039 2023 5074 was
2057 5039 2131 5075 noma

240 5103 310 5168 oleo
358 5103 472 5168 multos
509 5124 620 5190 aegros
662 5114 694 5170 et
717 5105 874 5169 sanabant.
919 5106 966 5168 14.
988 5102 1030 5167 Et
1050 5101 1166 5167 audiuit
1186 5099 1330 5167 Herodes
1371 5123 1429 5165 rex
1470 5101 1664 5166 manifestum
1687 5100 1768 5164 enim
1810 5101 1926 5166 factum
1966 5114 2012 5168 est
2032 5123 2145 5168 nomen

236 5259 276 5306 bis
310 5254 326 5317 Ἰ
381 5257 460 5307 areb
495 5257 588 5308 turbon
657 5258 700 5308 iob
770 5258 805 5309 'ta
823 5257 960 5307 tulwibtata
1012 5259 1047 5306 att
1062 5271 1117 5304 aras
1168 5257 1232 5304 trom
1282 5253 1364 5304 drabe
1406 5250 1422 5313 Ἰ
1483 5252 1578 5303 tortor
1629 5253 1670 5302 hia
1684 5267 1803 5315 unwoana
1817 5257 1868 5304 sint
1907 5256 1994 5306 melta
2029 5257 2055 5304 tn
2090 5257 2141 5304 him

219 5339 284 5404 eius
307 5349 337 5402 ct
358 5337 478 5403 dicebat
505 5337 578 5425 quia
608 5336 742 5402 loannes
800 5336 932 5425 baptista
980 5334 1149 5401 resurrexit
1190 5358 1208 5398 a
1249 5333 1378 5399 mortuis
1400 5344 1429 5397 et
1447 5343 1610 5420 propterea
1672 5345 1837 5421 operantur
1878 5336 2005 5400 uirtutes
2024 5335 2057 5398 in
2085 5335 2148 5400 illo.

1941 5435 1960 5498 6
