<?xml version="1.0" encoding="UTF-8"?>
<!DOCTYPE html PUBLIC "-//W3C//DTD XHTML 1.0 Transitional//EN"
    "http://www.w3.org/TR/xhtml1/DTD/xhtml1-transitional.dtd">
<html xmlns="http://www.w3.org/1999/xhtml" xml:lang="en" lang="en">
 <head>
  <title>
</title>
<meta http-equiv="Content-Type" content="text/html;charset=utf-8" />
  <meta name='ocr-system' content='tesseract 3.04.00' />
  <meta name='ocr-capabilities' content='ocr_page ocr_carea ocr_par ocr_line ocrx_word'/>
</head>
<body>
  <div class='ocr_page' id='page_1' title='image "./screadungaanglo02boutgoog_0065.png"; bbox 0 0 4980 6304; ppageno 0'>
   <div class='ocr_carea' id='block_1_1' title="bbox 1112 389 1359 463">
    <p class='ocr_par' dir='ltr' id='par_1_1' title="bbox 1112 389 1359 463">
     <span class='ocr_line' id='line_1_1' title="bbox 1112 389 1359 463; baseline 0 -24"><span class='ocrx_word' id='word_1_1' title='bbox 1112 389 1359 463; x_wconf 69' lang='grc'><strong>..55-</strong></span> 
     </span>
    </p>
   </div>
   <div class='ocr_carea' id='block_1_2' title="bbox 240 585 2172 754">
    <p class='ocr_par' dir='ltr' id='par_1_2' title="bbox 240 585 2172 754">
     <span class='ocr_line' id='line_1_2' title="bbox 240 585 2172 650; baseline -0.003 -12"><span class='ocrx_word' id='word_1_2' title='bbox 240 595 345 638; x_wconf 74' lang='lat' dir='ltr'><strong>mnne</strong></span> <span class='ocrx_word' id='word_1_3' title='bbox 379 587 533 650; x_wconf 73' lang='lat' dir='ltr'><strong>virgeordsa</strong></span> <span class='ocrx_word' id='word_1_4' title='bbox 635 585 708 638; x_wconf 66' lang='lat' dir='ltr'><strong>mss</strong></span> <span class='ocrx_word' id='word_1_5' title='bbox 742 593 769 636; x_wconf 85' lang='lat' dir='ltr'><strong>to</strong></span> <span class='ocrx_word' id='word_1_6' title='bbox 787 585 963 650; x_wconf 75' lang='lat' dir='ltr'><strong>glneolieadnn</strong></span> <span class='ocrx_word' id='word_1_7' title='bbox 1006 586 1058 634; x_wconf 93' lang='lat' dir='ltr'><strong>him</strong></span> <span class='ocrx_word' id='word_1_8' title='bbox 1113 587 1252 648; x_wconf 71' lang='lat' dir='ltr'><strong>gt’tnmonn</strong></span> <span class='ocrx_word' id='word_1_9' title='bbox 1307 585 1322 647; x_wconf 73' lang='grc'><strong>1</strong></span> <span class='ocrx_word' id='word_1_10' title='bbox 1377 586 1512 636; x_wconf 80' lang='lat' dir='ltr'><strong>torleortuu</strong></span> <span class='ocrx_word' id='word_1_11' title='bbox 1587 587 1671 635; x_wconf 85' lang='lat' dir='ltr'><strong>idelne</strong></span> <span class='ocrx_word' id='word_1_12' title='bbox 1808 585 1823 646; x_wconf 70' lang='lat'><strong>1</strong></span> <span class='ocrx_word' id='word_1_13' title='bbox 1862 586 1923 634; x_wconf 81' lang='lat' dir='ltr'><strong>efter</strong></span> <span class='ocrx_word' id='word_1_14' title='bbox 1941 599 2002 634; x_wconf 84' lang='lat' dir='ltr'><strong>sona</strong></span> <span class='ocrx_word' id='word_1_15' title='bbox 2035 585 2112 635; x_wconf 85' lang='lat' dir='ltr'><strong>sende</strong></span> <span class='ocrx_word' id='word_1_16' title='bbox 2146 591 2172 634; x_wconf 92' lang='lat' dir='ltr'><strong>to</strong></span> 
     </span>
     <span class='ocr_line' id='line_1_3' title="bbox 240 662 2172 754; baseline -0.004 -21"><span class='ocrx_word' id='word_1_17' title='bbox 240 669 341 734; x_wconf 77' lang='lat' dir='ltr'><strong>fructu</strong></span> <span class='ocrx_word' id='word_1_18' title='bbox 396 668 514 732; x_wconf 87' lang='lat' dir='ltr'><strong>uineae.</strong></span> <span class='ocrx_word' id='word_1_19' title='bbox 585 668 614 730; x_wconf 84' lang='lat'><strong>3.</strong></span> <span class='ocrx_word' id='word_1_20' title='bbox 636 663 699 744; x_wconf 82' lang='lat' dir='ltr'><strong>Qui</strong></span> <span class='ocrx_word' id='word_1_21' title='bbox 741 667 970 754; x_wconf 88' lang='lat' dir='ltr'><strong>apprehensum</strong></span> <span class='ocrx_word' id='word_1_22' title='bbox 999 686 1070 730; x_wconf 90' lang='lat' dir='ltr'><strong>eum</strong></span> <span class='ocrx_word' id='word_1_23' title='bbox 1098 667 1275 733; x_wconf 89' lang='lat' dir='ltr'><strong>ceciderunt</strong></span> <span class='ocrx_word' id='word_1_24' title='bbox 1302 675 1332 732; x_wconf 90' lang='lat' dir='ltr'><strong>et</strong></span> <span class='ocrx_word' id='word_1_25' title='bbox 1352 667 1535 732; x_wconf 88' lang='lat' dir='ltr'><strong>dimiserunt</strong></span> <span class='ocrx_word' id='word_1_26' title='bbox 1564 687 1705 730; x_wconf 89' lang='lat' dir='ltr'><strong>uacuum.</strong></span> <span class='ocrx_word' id='word_1_27' title='bbox 1749 666 1778 728; x_wconf 90' lang='grc'><strong>4.</strong></span> <span class='ocrx_word' id='word_1_28' title='bbox 1799 664 1841 729; x_wconf 87' lang='lat' dir='ltr'><strong>Et</strong></span> <span class='ocrx_word' id='word_1_29' title='bbox 1882 665 1992 729; x_wconf 87' lang='lat' dir='ltr'><strong>iterum</strong></span> <span class='ocrx_word' id='word_1_30' title='bbox 2032 664 2114 728; x_wconf 89' lang='lat' dir='ltr'><strong>misit</strong></span> <span class='ocrx_word' id='word_1_31' title='bbox 2132 662 2172 727; x_wconf 91' lang='lat' dir='ltr'><strong>ad</strong></span> 
     </span>
    </p>
   </div>
   <div class='ocr_carea' id='block_1_3' title="bbox 241 800 2173 969">
    <p class='ocr_par' dir='ltr' id='par_1_3' title="bbox 241 800 2173 969">
     <span class='ocr_line' id='line_1_4' title="bbox 250 800 2173 878; baseline -0.001 -26"><span class='ocrx_word' id='word_1_32' title='bbox 250 805 300 853; x_wconf 79' lang='lat' dir='ltr'><strong>him</strong></span> <span class='ocrx_word' id='word_1_33' title='bbox 334 803 429 854; x_wconf 61' lang='lat' dir='ltr'><strong>ohaam</strong></span> <span class='ocrx_word' id='word_1_34' title='bbox 481 817 539 853; x_wconf 86' lang='lat' dir='ltr'><strong>eane</strong></span> <span class='ocrx_word' id='word_1_35' title='bbox 598 802 615 864; x_wconf 71' lang='grc' dir='ltr'><strong><em>Ἰ</em></strong></span> <span class='ocrx_word' id='word_1_36' title='bbox 654 803 723 854; x_wconf 74' lang='lat' dir='ltr'><strong>itone</strong></span> <span class='ocrx_word' id='word_1_37' title='bbox 759 815 792 852; x_wconf 89' lang='lat' dir='ltr'><strong>on</strong></span> <span class='ocrx_word' id='word_1_38' title='bbox 826 802 919 852; x_wconf 83' lang='lat' dir='ltr'><strong>hootud</strong></span> <span class='ocrx_word' id='word_1_39' title='bbox 979 802 1149 864; x_wconf 75' lang='lat' dir='ltr'><strong>glwnndadun</strong></span> <span class='ocrx_word' id='word_1_40' title='bbox 1209 801 1225 864; x_wconf 66' lang='grc' dir='ltr'><strong><em>Ἰ</em></strong></span> <span class='ocrx_word' id='word_1_41' title='bbox 1272 803 1329 854; x_wconf 80' lang='lat' dir='ltr'><strong>ml’6</strong></span> <span class='ocrx_word' id='word_1_42' title='bbox 1345 809 1431 854; x_wconf 85' lang='lat' dir='ltr'><strong>seomu</strong></span> <span class='ocrx_word' id='word_1_43' title='bbox 1447 804 1541 852; x_wconf 86' lang='lat' dir='ltr'><strong>mialun</strong></span> <span class='ocrx_word' id='word_1_44' title='bbox 1585 801 1774 878; x_wconf 81' lang='lat' dir='ltr'><strong>togtworhtun</strong></span> <span class='ocrx_word' id='word_1_45' title='bbox 1864 800 1880 862; x_wconf 72' lang='lat'>1</span> <span class='ocrx_word' id='word_1_46' title='bbox 1918 805 2049 854; x_wconf 81' lang='lat' dir='ltr'><strong>ertersona</strong></span> <span class='ocrx_word' id='word_1_47' title='bbox 2077 802 2173 852; x_wconf 72' lang='lat' dir='ltr'><strong>neema</strong></span> 
     </span>
     <span class='ocr_line' id='line_1_5' title="bbox 241 880 2173 969; baseline -0.001 -23"><span class='ocrx_word' id='word_1_48' title='bbox 241 882 310 948; x_wconf 87' lang='lat' dir='ltr'><strong>illos</strong></span> <span class='ocrx_word' id='word_1_49' title='bbox 329 883 424 948; x_wconf 91' lang='lat' dir='ltr'><strong>alium</strong></span> <span class='ocrx_word' id='word_1_50' title='bbox 446 905 571 948; x_wconf 89' lang='lat' dir='ltr'><strong>seruum</strong></span> <span class='ocrx_word' id='word_1_51' title='bbox 592 891 623 946; x_wconf 87' lang='lat' dir='ltr'><strong>ct</strong></span> <span class='ocrx_word' id='word_1_52' title='bbox 643 881 733 946; x_wconf 92' lang='lat' dir='ltr'><strong>illum</strong></span> <span class='ocrx_word' id='word_1_53' title='bbox 760 881 793 944; x_wconf 92' lang='lat' dir='ltr'><strong>in</strong></span> <span class='ocrx_word' id='word_1_54' title='bbox 821 881 921 969; x_wconf 89' lang='lat' dir='ltr'><strong>capite</strong></span> <span class='ocrx_word' id='word_1_55' title='bbox 941 881 1184 948; x_wconf 89' lang='lat' dir='ltr'><strong>uulnerauerunt</strong></span> <span class='ocrx_word' id='word_1_56' title='bbox 1204 891 1235 948; x_wconf 88' lang='lat' dir='ltr'><strong>et</strong></span> <span class='ocrx_word' id='word_1_57' title='bbox 1317 883 1509 949; x_wconf 88' lang='lat' dir='ltr'><strong>contumeliis</strong></span> <span class='ocrx_word' id='word_1_58' title='bbox 1581 882 1759 946; x_wconf 87' lang='lat' dir='ltr'><strong>affecerunt.</strong></span> <span class='ocrx_word' id='word_1_59' title='bbox 1802 883 1832 948; x_wconf 85' lang='lat'><strong>5.</strong></span> <span class='ocrx_word' id='word_1_60' title='bbox 1852 880 1895 945; x_wconf 87' lang='lat' dir='ltr'><strong>Et</strong></span> <span class='ocrx_word' id='word_1_61' title='bbox 1928 903 2050 946; x_wconf 88' lang='lat' dir='ltr'><strong>rursum</strong></span> <span class='ocrx_word' id='word_1_62' title='bbox 2078 880 2173 944; x_wconf 85' lang='lat' dir='ltr'><strong>ulium</strong></span> 
     </span>
    </p>
   </div>
   <div class='ocr_carea' id='block_1_4' title="bbox 241 1010 2176 1186">
    <p class='ocr_par' dir='ltr' id='par_1_4' title="bbox 241 1010 2176 1186">
     <span class='ocr_line' id='line_1_6' title="bbox 241 1010 2176 1082; baseline -0.001 -15"><span class='ocrx_word' id='word_1_63' title='bbox 241 1019 315 1067; x_wconf 82' lang='lat' dir='ltr'><strong>sende</strong></span> <span class='ocrx_word' id='word_1_64' title='bbox 350 1017 414 1078; x_wconf 68' lang='lat' dir='ltr'><strong>jac</strong></span> <span class='ocrx_word' id='word_1_65' title='bbox 448 1018 516 1068; x_wconf 59' lang='lat' dir='ltr'><strong>hans</strong></span> <span class='ocrx_word' id='word_1_66' title='bbox 576 1019 690 1080; x_wconf 72' lang='lat' dir='ltr'><strong>otalogun</strong></span> <span class='ocrx_word' id='word_1_67' title='bbox 748 1015 765 1077; x_wconf 73' lang='grc' dir='ltr'><strong><em>Ἰ</em></strong></span> <span class='ocrx_word' id='word_1_68' title='bbox 802 1019 901 1081; x_wconf 74' lang='lat' dir='ltr'><strong>manige</strong></span> <span class='ocrx_word' id='word_1_69' title='bbox 927 1019 992 1069; x_wconf 73' lang='lat' dir='ltr'><strong>osu</strong></span> <span class='ocrx_word' id='word_1_70' title='bbox 1050 1033 1120 1071; x_wconf 84' lang='lat' dir='ltr'><strong>sume</strong></span> <span class='ocrx_word' id='word_1_71' title='bbox 1196 1021 1337 1082; x_wconf 74' lang='lat' dir='ltr'><strong>gi&#39;tnrscnn</strong></span> <span class='ocrx_word' id='word_1_72' title='bbox 1379 1021 1442 1072; x_wconf 57' lang='grc' dir='ltr'><strong>οὔτε</strong></span> <span class='ocrx_word' id='word_1_73' title='bbox 1498 1033 1525 1068; x_wconf 89' lang='lat' dir='ltr'><strong>ec</strong></span> <span class='ocrx_word' id='word_1_74' title='bbox 1601 1019 1717 1082; x_wconf 75' lang='lat' dir='ltr'><strong>oralogun</strong></span> <span class='ocrx_word' id='word_1_75' title='bbox 1829 1020 1865 1070; x_wconf 74' lang='grc' dir='ltr'><strong>’6ο</strong></span> <span class='ocrx_word' id='word_1_76' title='bbox 1882 1027 1935 1082; x_wconf 75' lang='lat' dir='ltr'><strong>geta</strong></span> <span class='ocrx_word' id='word_1_77' title='bbox 1969 1019 2065 1070; x_wconf 76' lang='lat' dir='ltr'><strong>tor’ton</strong></span> <span class='ocrx_word' id='word_1_78' title='bbox 2117 1010 2176 1066; x_wconf 69' lang='lat' dir='ltr'><strong>an&#39;</strong></span> 
     </span>
     <span class='ocr_line' id='line_1_7' title="bbox 241 1097 2172 1186; baseline 0.001 -26"><span class='ocrx_word' id='word_1_79' title='bbox 241 1097 321 1161; x_wconf 88' lang='lat' dir='ltr'><strong>misit</strong></span> <span class='ocrx_word' id='word_1_80' title='bbox 367 1107 398 1161; x_wconf 88' lang='lat' dir='ltr'><strong>et</strong></span> <span class='ocrx_word' id='word_1_81' title='bbox 438 1097 527 1162; x_wconf 91' lang='lat' dir='ltr'><strong>illum</strong></span> <span class='ocrx_word' id='word_1_82' title='bbox 547 1097 727 1162; x_wconf 84' lang='lat' dir='ltr'><strong>oeciderunt</strong></span> <span class='ocrx_word' id='word_1_83' title='bbox 747 1107 778 1164; x_wconf 91' lang='lat' dir='ltr'><strong>et</strong></span> <span class='ocrx_word' id='word_1_84' title='bbox 798 1098 903 1186; x_wconf 89' lang='lat' dir='ltr'><strong>plures</strong></span> <span class='ocrx_word' id='word_1_85' title='bbox 923 1098 1001 1163; x_wconf 87' lang='lat' dir='ltr'><strong>alios</strong></span> <span class='ocrx_word' id='word_1_86' title='bbox 1023 1097 1173 1186; x_wconf 86' lang='lat' dir='ltr'><strong>quosdam</strong></span> <span class='ocrx_word' id='word_1_87' title='bbox 1194 1099 1356 1164; x_wconf 76' lang='lat' dir='ltr'><strong>caedentes</strong></span> <span class='ocrx_word' id='word_1_88' title='bbox 1377 1098 1454 1164; x_wconf 87' lang='lat' dir='ltr'><strong>alios</strong></span> <span class='ocrx_word' id='word_1_89' title='bbox 1474 1119 1550 1163; x_wconf 87' lang='lat' dir='ltr'><strong>uero</strong></span> <span class='ocrx_word' id='word_1_90' title='bbox 1571 1099 1754 1164; x_wconf 86' lang='lat' dir='ltr'><strong>occidentes.</strong></span> <span class='ocrx_word' id='word_1_91' title='bbox 1783 1100 1812 1164; x_wconf 93' lang='lat'><strong>6.</strong></span> <span class='ocrx_word' id='word_1_92' title='bbox 1830 1099 1946 1163; x_wconf 82' lang='lat' dir='ltr'><strong>Adhuc</strong></span> <span class='ocrx_word' id='word_1_93' title='bbox 1974 1121 2050 1186; x_wconf 84' lang='lat' dir='ltr'><strong>ergo</strong></span> <span class='ocrx_word' id='word_1_94' title='bbox 2079 1119 2172 1162; x_wconf 90' lang='lat' dir='ltr'><strong>unum</strong></span> 
     </span>
    </p>
   </div>
   <div class='ocr_carea' id='block_1_5' title="bbox 242 1233 2173 1401">
    <p class='ocr_par' dir='ltr' id='par_1_5' title="bbox 242 1233 2173 1401">
     <span class='ocr_line' id='line_1_8' title="bbox 264 1233 2159 1298; baseline 0 -16"><span class='ocrx_word' id='word_1_95' title='bbox 264 1234 342 1283; x_wconf 73' lang='lat' dir='ltr'><strong>harde</strong></span> <span class='ocrx_word' id='word_1_96' title='bbox 395 1248 461 1283; x_wconf 87' lang='lat' dir='ltr'><strong>sunu</strong></span> <span class='ocrx_word' id='word_1_97' title='bbox 555 1236 636 1285; x_wconf 83' lang='lat' dir='ltr'><strong>leotne</strong></span> <span class='ocrx_word' id='word_1_98' title='bbox 720 1233 737 1295; x_wconf 71' lang='grc' dir='ltr'><strong><em>Ἰ</em></strong></span> <span class='ocrx_word' id='word_1_99' title='bbox 781 1237 839 1285; x_wconf 85' lang='lat' dir='ltr'><strong>hina</strong></span> <span class='ocrx_word' id='word_1_100' title='bbox 874 1236 950 1285; x_wconf 83' lang='lat' dir='ltr'><strong>sende</strong></span> <span class='ocrx_word' id='word_1_101' title='bbox 985 1241 1013 1286; x_wconf 90' lang='lat' dir='ltr'><strong>to</strong></span> <span class='ocrx_word' id='word_1_102' title='bbox 1048 1237 1100 1286; x_wconf 83' lang='lat' dir='ltr'><strong>him</strong></span> <span class='ocrx_word' id='word_1_103' title='bbox 1135 1245 1166 1288; x_wconf 79' lang='lat' dir='ltr'><strong>set</strong></span> <span class='ocrx_word' id='word_1_104' title='bbox 1184 1240 1248 1287; x_wconf 83' lang='lat' dir='ltr'><strong>ande</strong></span> <span class='ocrx_word' id='word_1_105' title='bbox 1265 1239 1277 1286; x_wconf 89' lang='grc'><strong>1</strong></span> <span class='ocrx_word' id='word_1_106' title='bbox 1295 1241 1414 1287; x_wconf 76' lang='lat' dir='ltr'><strong>letemest</strong></span> <span class='ocrx_word' id='word_1_107' title='bbox 1454 1235 1591 1288; x_wconf 66' lang='lat' dir='ltr'><strong>caedenda</strong></span> <span class='ocrx_word' id='word_1_108' title='bbox 1626 1236 1720 1286; x_wconf 66' lang='lat' dir='ltr'><strong>terdon</strong></span> <span class='ocrx_word' id='word_1_109' title='bbox 1755 1237 1802 1285; x_wconf 81' lang='lat' dir='ltr'><strong>hta</strong></span> <span class='ocrx_word' id='word_1_110' title='bbox 1818 1237 1831 1284; x_wconf 79' lang='lat' dir='ltr'><strong>t</strong></span> <span class='ocrx_word' id='word_1_111' title='bbox 1847 1249 1876 1298; x_wconf 79' lang='lat' dir='ltr'><strong>ga</strong></span> <span class='ocrx_word' id='word_1_112' title='bbox 1895 1234 2051 1298; x_wconf 77' lang='lat' dir='ltr'><strong>trepagadnn</strong></span> <span class='ocrx_word' id='word_1_113' title='bbox 2093 1247 2159 1283; x_wconf 86' lang='lat' dir='ltr'><strong>suna</strong></span> 
     </span>
     <span class='ocr_line' id='line_1_9' title="bbox 242 1312 2173 1401; baseline -0.001 -24"><span class='ocrx_word' id='word_1_114' title='bbox 242 1313 359 1379; x_wconf 88' lang='lat' dir='ltr'><strong>habens</strong></span> <span class='ocrx_word' id='word_1_115' title='bbox 378 1313 477 1377; x_wconf 89' lang='lat' dir='ltr'><strong>filium</strong></span> <span class='ocrx_word' id='word_1_116' title='bbox 498 1314 688 1378; x_wconf 89' lang='lat' dir='ltr'><strong>carissimum</strong></span> <span class='ocrx_word' id='word_1_117' title='bbox 711 1324 741 1379; x_wconf 87' lang='lat' dir='ltr'><strong>et</strong></span> <span class='ocrx_word' id='word_1_118' title='bbox 760 1313 849 1378; x_wconf 90' lang='lat' dir='ltr'><strong>illum</strong></span> <span class='ocrx_word' id='word_1_119' title='bbox 869 1314 952 1378; x_wconf 80' lang='lat' dir='ltr'>misit</span> <span class='ocrx_word' id='word_1_120' title='bbox 971 1313 1013 1380; x_wconf 89' lang='lat' dir='ltr'><strong>ad</strong></span> <span class='ocrx_word' id='word_1_121' title='bbox 1047 1339 1099 1382; x_wconf 91' lang='lat' dir='ltr'><strong>eos</strong></span> <span class='ocrx_word' id='word_1_122' title='bbox 1182 1317 1382 1382; x_wconf 88' lang='lat' dir='ltr'><strong>nouissimum</strong></span> <span class='ocrx_word' id='word_1_123' title='bbox 1466 1317 1570 1381; x_wconf 88' lang='lat' dir='ltr'><strong>dicens</strong></span> <span class='ocrx_word' id='word_1_124' title='bbox 1634 1317 1706 1401; x_wconf 89' lang='lat' dir='ltr'><strong>quia</strong></span> <span class='ocrx_word' id='word_1_125' title='bbox 1790 1314 2014 1378; x_wconf 87' lang='lat' dir='ltr'><strong>reuerehuntur</strong></span> <span class='ocrx_word' id='word_1_126' title='bbox 2075 1312 2173 1376; x_wconf 89' lang='lat' dir='ltr'><strong>filium</strong></span> 
     </span>
    </p>
   </div>
   <div class='ocr_carea' id='block_1_6' title="bbox 242 1448 2236 1600">
    <p class='ocr_par' dir='ltr' id='par_1_6' title="bbox 242 1448 2236 1600">
     <span class='ocr_line' id='line_1_10' title="bbox 260 1448 2159 1515; baseline -0.001 -15"><span class='ocrx_word' id='word_1_127' title='bbox 260 1454 343 1501; x_wconf 83' lang='lat' dir='ltr'><strong>minna</strong></span> <span class='ocrx_word' id='word_1_128' title='bbox 451 1451 487 1500; x_wconf 71' lang='lat' dir='ltr'><strong>’da</strong></span> <span class='ocrx_word' id='word_1_129' title='bbox 503 1453 599 1512; x_wconf 80' lang='lat' dir='ltr'><strong>byende</strong></span> <span class='ocrx_word' id='word_1_130' title='bbox 634 1452 768 1502; x_wconf 81' lang='lat' dir='ltr'><strong>wntndiica</strong></span> <span class='ocrx_word' id='word_1_131' title='bbox 811 1453 916 1502; x_wconf 74' lang='lat' dir='ltr'><strong>evadam</strong></span> <span class='ocrx_word' id='word_1_132' title='bbox 967 1453 1020 1502; x_wconf 87' lang='lat' dir='ltr'><strong>him</strong></span> <span class='ocrx_word' id='word_1_133' title='bbox 1059 1453 1165 1505; x_wconf 77' lang='lat' dir='ltr'><strong>biturica</strong></span> <span class='ocrx_word' id='word_1_134' title='bbox 1208 1453 1252 1504; x_wconf 73' lang='lat' dir='ltr'><strong>’eta</strong></span> <span class='ocrx_word' id='word_1_135' title='bbox 1302 1456 1324 1503; x_wconf 82' lang='lat' dir='ltr'><strong>ir</strong></span> <span class='ocrx_word' id='word_1_136' title='bbox 1360 1453 1479 1504; x_wconf 81' lang='lat' dir='ltr'><strong>erieword</strong></span> <span class='ocrx_word' id='word_1_137' title='bbox 1515 1469 1598 1515; x_wconf 82' lang='lat' dir='ltr'><strong>cymas</strong></span> <span class='ocrx_word' id='word_1_138' title='bbox 1641 1461 1735 1504; x_wconf 74' lang='lat' dir='ltr'><strong>uotum</strong></span> <span class='ocrx_word' id='word_1_139' title='bbox 1753 1467 1789 1501; x_wconf 81' lang='lat' dir='ltr'><strong>we</strong></span> <span class='ocrx_word' id='word_1_140' title='bbox 1808 1452 1870 1501; x_wconf 82' lang='lat' dir='ltr'><strong>otsla</strong></span> <span class='ocrx_word' id='word_1_141' title='bbox 1913 1453 1970 1500; x_wconf 89' lang='lat' dir='ltr'><strong>hius</strong></span> <span class='ocrx_word' id='word_1_142' title='bbox 2021 1448 2038 1510; x_wconf 67' lang='grc' dir='ltr'><strong><em>Ἰ</em></strong></span> <span class='ocrx_word' id='word_1_143' title='bbox 2101 1463 2159 1498; x_wconf 85' lang='lat' dir='ltr'><strong>ussa</strong></span> 
     </span>
     <span class='ocr_line' id='line_1_11' title="bbox 242 1529 2236 1600; baseline -0.001 -6"><span class='ocrx_word' id='word_1_144' title='bbox 242 1552 354 1596; x_wconf 89' lang='lat' dir='ltr'><strong>meum.</strong></span> <span class='ocrx_word' id='word_1_145' title='bbox 399 1530 427 1595; x_wconf 79' lang='grc'><strong>7.</strong></span> <span class='ocrx_word' id='word_1_146' title='bbox 468 1530 582 1598; x_wconf 83' lang='lat' dir='ltr'><strong>Coloni</strong></span> <span class='ocrx_word' id='word_1_147' title='bbox 643 1541 746 1596; x_wconf 84' lang='lat' dir='ltr'><strong>autem</strong></span> <span class='ocrx_word' id='word_1_148' title='bbox 788 1532 935 1598; x_wconf 82' lang='lat' dir='ltr'><strong>dixerunt</strong></span> <span class='ocrx_word' id='word_1_149' title='bbox 971 1532 1012 1597; x_wconf 88' lang='lat' dir='ltr'><strong>ad</strong></span> <span class='ocrx_word' id='word_1_150' title='bbox 1042 1533 1174 1598; x_wconf 90' lang='lat' dir='ltr'><strong>inuicem</strong></span> <span class='ocrx_word' id='word_1_151' title='bbox 1206 1532 1257 1597; x_wconf 89' lang='lat' dir='ltr'><strong>hic</strong></span> <span class='ocrx_word' id='word_1_152' title='bbox 1288 1542 1334 1597; x_wconf 89' lang='lat' dir='ltr'><strong>cst</strong></span> <span class='ocrx_word' id='word_1_153' title='bbox 1370 1533 1469 1598; x_wconf 88' lang='lat' dir='ltr'><strong>heres.</strong></span> <span class='ocrx_word' id='word_1_154' title='bbox 1506 1535 1607 1600; x_wconf 89' lang='lat' dir='ltr'><strong>uenite</strong></span> <span class='ocrx_word' id='word_1_155' title='bbox 1670 1532 1845 1599; x_wconf 87' lang='lat' dir='ltr'><strong>occidamus</strong></span> <span class='ocrx_word' id='word_1_156' title='bbox 1905 1553 1974 1596; x_wconf 89' lang='lat' dir='ltr'><strong>eum</strong></span> <span class='ocrx_word' id='word_1_157' title='bbox 2010 1540 2041 1594; x_wconf 88' lang='lat' dir='ltr'><strong>et</strong></span> <span class='ocrx_word' id='word_1_158' title='bbox 2070 1539 2175 1594; x_wconf 89' lang='lat' dir='ltr'><strong>nostra</strong></span> <span class='ocrx_word' id='word_1_159' title='bbox 2215 1529 2236 1592; x_wconf 81' lang='lat'>5</span> 
     </span>
    </p>
   </div>
   <div class='ocr_carea' id='block_1_7' title="bbox 244 1666 2175 1836">
    <p class='ocr_par' dir='ltr' id='par_1_7' title="bbox 244 1666 2175 1836">
     <span class='ocr_line' id='line_1_12' title="bbox 251 1666 2175 1735; baseline -0.001 -18"><span class='ocrx_word' id='word_1_160' title='bbox 251 1670 299 1720; x_wconf 74' lang='lat' dir='ltr'><strong>bio</strong></span> <span class='ocrx_word' id='word_1_161' title='bbox 334 1669 380 1720; x_wconf 65' lang='lat' dir='ltr'><strong>tto</strong></span> <span class='ocrx_word' id='word_1_162' title='bbox 399 1671 558 1720; x_wconf 79' lang='lat' dir='ltr'><strong>ertewordnis</strong></span> <span class='ocrx_word' id='word_1_163' title='bbox 672 1668 689 1730; x_wconf 71' lang='grc' dir='ltr'><strong><em>Ἰ</em></strong></span> <span class='ocrx_word' id='word_1_164' title='bbox 798 1670 910 1732; x_wconf 75' lang='lat' dir='ltr'><strong>gilahtun</strong></span> <span class='ocrx_word' id='word_1_165' title='bbox 1021 1673 1080 1721; x_wconf 81' lang='lat' dir='ltr'><strong>hius</strong></span> <span class='ocrx_word' id='word_1_166' title='bbox 1118 1667 1269 1732; x_wconf 61' lang='lat' dir='ltr'><strong>lohlogun</strong></span> <span class='ocrx_word' id='word_1_167' title='bbox 1316 1667 1332 1730; x_wconf 67' lang='lat' dir='ltr'>J</span> <span class='ocrx_word' id='word_1_168' title='bbox 1382 1674 1512 1735; x_wconf 79' lang='lat' dir='ltr'><strong>gtwnrpun</strong></span> <span class='ocrx_word' id='word_1_169' title='bbox 1565 1675 1628 1723; x_wconf 87' lang='lat' dir='ltr'><strong>butu</strong></span> <span class='ocrx_word' id='word_1_170' title='bbox 1665 1671 1733 1722; x_wconf 71' lang='lat' dir='ltr'><strong>tons</strong></span> <span class='ocrx_word' id='word_1_171' title='bbox 1751 1669 1876 1730; x_wconf 74' lang='lat' dir='ltr'><strong>virgeord</strong></span> <span class='ocrx_word' id='word_1_172' title='bbox 1971 1668 2041 1717; x_wconf 76' lang='lat' dir='ltr'><strong>huet</strong></span> <span class='ocrx_word' id='word_1_173' title='bbox 2076 1669 2104 1715; x_wconf 81' lang='lat' dir='ltr'><strong>ot</strong></span> <span class='ocrx_word' id='word_1_174' title='bbox 2120 1666 2175 1716; x_wconf 67' lang='lat' dir='ltr'><strong>³con</strong></span> 
     </span>
     <span class='ocr_line' id='line_1_13' title="bbox 244 1747 2157 1836; baseline -0.001 -24"><span class='ocrx_word' id='word_1_175' title='bbox 244 1748 301 1812; x_wconf 87' lang='lat' dir='ltr'><strong>erit</strong></span> <span class='ocrx_word' id='word_1_176' title='bbox 362 1748 527 1814; x_wconf 88' lang='lat' dir='ltr'><strong>hereditas.</strong></span> <span class='ocrx_word' id='word_1_177' title='bbox 611 1751 641 1812; x_wconf 83' lang='lat'><strong>8.</strong></span> <span class='ocrx_word' id='word_1_178' title='bbox 662 1748 705 1813; x_wconf 86' lang='lat' dir='ltr'><strong>Et</strong></span> <span class='ocrx_word' id='word_1_179' title='bbox 723 1749 988 1836; x_wconf 73' lang='lat' dir='ltr'><strong>apprehendentes</strong></span> <span class='ocrx_word' id='word_1_180' title='bbox 1015 1771 1086 1814; x_wconf 88' lang='lat' dir='ltr'><strong>eum</strong></span> <span class='ocrx_word' id='word_1_181' title='bbox 1110 1749 1289 1814; x_wconf 88' lang='lat' dir='ltr'><strong>occiderunt</strong></span> <span class='ocrx_word' id='word_1_182' title='bbox 1312 1759 1343 1814; x_wconf 92' lang='lat' dir='ltr'><strong>et</strong></span> <span class='ocrx_word' id='word_1_183' title='bbox 1370 1749 1525 1815; x_wconf 72' lang='lat' dir='ltr'><strong>decerunt</strong></span> <span class='ocrx_word' id='word_1_184' title='bbox 1550 1760 1639 1816; x_wconf 85' lang='lat' dir='ltr'><strong>extra</strong></span> <span class='ocrx_word' id='word_1_185' title='bbox 1699 1752 1831 1816; x_wconf 87' lang='lat' dir='ltr'><strong>niueam.</strong></span> <span class='ocrx_word' id='word_1_186' title='bbox 1914 1750 1943 1814; x_wconf 88' lang='lat'><strong>9.</strong></span> <span class='ocrx_word' id='word_1_187' title='bbox 1965 1747 2049 1827; x_wconf 86' lang='lat' dir='ltr'><strong>Quid</strong></span> <span class='ocrx_word' id='word_1_188' title='bbox 2080 1768 2157 1833; x_wconf 86' lang='lat' dir='ltr'><strong>ergo</strong></span> 
     </span>
    </p>
   </div>
   <div class='ocr_carea' id='block_1_8' title="bbox 246 1882 2176 2054">
    <p class='ocr_par' dir='ltr' id='par_1_8' title="bbox 246 1882 2176 2054">
     <span class='ocr_line' id='line_1_14' title="bbox 246 1882 2176 1952; baseline -0.002 -17"><span class='ocrx_word' id='word_1_189' title='bbox 246 1884 415 1948; x_wconf 73' lang='lat' dir='ltr'><strong>dydstdos’t</strong></span> <span class='ocrx_word' id='word_1_190' title='bbox 480 1885 535 1934; x_wconf 85' lang='lat' dir='ltr'><strong>drih</strong></span> <span class='ocrx_word' id='word_1_191' title='bbox 596 1885 750 1946; x_wconf 74' lang='lat' dir='ltr'><strong>virgeordea</strong></span> <span class='ocrx_word' id='word_1_192' title='bbox 786 1885 877 1948; x_wconf 74' lang='lat' dir='ltr'><strong>eyme’d</strong></span> <span class='ocrx_word' id='word_1_193' title='bbox 911 1882 927 1944; x_wconf 71' lang='grc' dir='ltr'><strong><em>Ἰ</em></strong></span> <span class='ocrx_word' id='word_1_194' title='bbox 966 1887 1065 1936; x_wconf 84' lang='lat' dir='ltr'><strong>tordoes</strong></span> <span class='ocrx_word' id='word_1_195' title='bbox 1101 1885 1137 1937; x_wconf 76' lang='lat' dir='ltr'><strong>’aa</strong></span> <span class='ocrx_word' id='word_1_196' title='bbox 1153 1886 1314 1936; x_wconf 86' lang='lat' dir='ltr'><strong>loudbucnde</strong></span> <span class='ocrx_word' id='word_1_197' title='bbox 1348 1884 1365 1946; x_wconf 72' lang='grc' dir='ltr'><strong><em>Ἰ</em></strong></span> <span class='ocrx_word' id='word_1_198' title='bbox 1402 1887 1474 1938; x_wconf 72' lang='lat' dir='ltr'><strong>sele’d</strong></span> <span class='ocrx_word' id='word_1_199' title='bbox 1510 1888 1578 1940; x_wconf 71' lang='lat' dir='ltr'><strong>’eone</strong></span> <span class='ocrx_word' id='word_1_200' title='bbox 1596 1889 1722 1952; x_wconf 74' lang='lat' dir='ltr'><strong>wingeard</strong></span> <span class='ocrx_word' id='word_1_201' title='bbox 1757 1889 1850 1940; x_wconf 74' lang='lat' dir='ltr'><strong>o’tmm</strong></span> <span class='ocrx_word' id='word_1_202' title='bbox 1978 1901 2010 1936; x_wconf 92' lang='lat' dir='ltr'><strong>ne</strong></span> <span class='ocrx_word' id='word_1_203' title='bbox 2060 1885 2176 1946; x_wconf 73' lang='lat' dir='ltr'><strong>givriotn</strong></span> 
     </span>
     <span class='ocr_line' id='line_1_15' title="bbox 284 1964 2173 2054; baseline -0.001 -26"><span class='ocrx_word' id='word_1_204' title='bbox 284 1965 375 2030; x_wconf 84' lang='lat' dir='ltr'><strong>saciet</strong></span> <span class='ocrx_word' id='word_1_205' title='bbox 435 1965 578 2030; x_wconf 89' lang='lat' dir='ltr'><strong>dominus</strong></span> <span class='ocrx_word' id='word_1_206' title='bbox 607 1964 740 2030; x_wconf 78' lang='lat' dir='ltr'><strong>uineae?</strong></span> <span class='ocrx_word' id='word_1_207' title='bbox 778 1965 881 2030; x_wconf 88' lang='lat' dir='ltr'><strong>ueniet</strong></span> <span class='ocrx_word' id='word_1_208' title='bbox 903 1975 934 2030; x_wconf 92' lang='lat' dir='ltr'><strong>et</strong></span> <span class='ocrx_word' id='word_1_209' title='bbox 964 1965 1074 2054; x_wconf 88' lang='lat' dir='ltr'><strong>perdet</strong></span> <span class='ocrx_word' id='word_1_210' title='bbox 1154 1965 1281 2030; x_wconf 89' lang='lat' dir='ltr'><strong>colonos</strong></span> <span class='ocrx_word' id='word_1_211' title='bbox 1343 1974 1374 2030; x_wconf 86' lang='lat' dir='ltr'><strong>at</strong></span> <span class='ocrx_word' id='word_1_212' title='bbox 1394 1966 1479 2032; x_wconf 90' lang='lat' dir='ltr'><strong>dabit</strong></span> <span class='ocrx_word' id='word_1_213' title='bbox 1561 1969 1684 2032; x_wconf 87' lang='lat' dir='ltr'><strong>niueam</strong></span> <span class='ocrx_word' id='word_1_214' title='bbox 1766 1966 1843 2032; x_wconf 88' lang='lat' dir='ltr'><strong>aliis.</strong></span> <span class='ocrx_word' id='word_1_215' title='bbox 1888 1967 1936 2030; x_wconf 90' lang='grc'><strong>10.</strong></span> <span class='ocrx_word' id='word_1_216' title='bbox 1958 1964 2026 2030; x_wconf 83' lang='grc' dir='ltr'><strong>Νοο</strong></span> <span class='ocrx_word' id='word_1_217' title='bbox 2046 1964 2173 2051; x_wconf 86' lang='lat' dir='ltr'><strong>scriptu-</strong></span> 
     </span>
    </p>
   </div>
   <div class='ocr_carea' id='block_1_9' title="bbox 246 2099 2171 2272">
    <p class='ocr_par' dir='ltr' id='par_1_9' title="bbox 246 2099 2171 2272">
     <span class='ocr_line' id='line_1_16' title="bbox 355 2099 2171 2176; baseline -0.002 -23"><span class='ocrx_word' id='word_1_218' title='bbox 355 2103 402 2154; x_wconf 74' lang='lat' dir='ltr'><strong>su</strong></span> <span class='ocrx_word' id='word_1_219' title='bbox 436 2101 570 2151; x_wconf 82' lang='lat' dir='ltr'><strong>llomadnn</strong></span> <span class='ocrx_word' id='word_1_220' title='bbox 591 2115 620 2162; x_wconf 76' lang='lat' dir='ltr'><strong>ga</strong></span> <span class='ocrx_word' id='word_1_221' title='bbox 654 2099 705 2176; x_wconf 60' lang='lat'>&#39;15⁸⁰</span> <span class='ocrx_word' id='word_1_222' title='bbox 723 2109 778 2150; x_wconf 76' lang='lat' dir='ltr'><strong>stan</strong></span> <span class='ocrx_word' id='word_1_223' title='bbox 813 2101 900 2154; x_wconf 67' lang='lat' dir='ltr'><strong>tonna</strong></span> <span class='ocrx_word' id='word_1_224' title='bbox 985 2105 1125 2153; x_wconf 79' lang='lat' dir='ltr'><strong>oiarcomen</strong></span> <span class='ocrx_word' id='word_1_225' title='bbox 1202 2103 1372 2164; x_wconf 76' lang='lat' dir='ltr'><strong>gitimbradun</strong></span> <span class='ocrx_word' id='word_1_226' title='bbox 1408 2103 1451 2153; x_wconf 69' lang='lat' dir='ltr'><strong>’eis</strong></span> <span class='ocrx_word' id='word_1_227' title='bbox 1486 2105 1610 2166; x_wconf 76' lang='lat' dir='ltr'><strong>giworden</strong></span> <span class='ocrx_word' id='word_1_228' title='bbox 1646 2119 1702 2154; x_wconf 73' lang='lat' dir='ltr'><strong>was</strong></span> <span class='ocrx_word' id='word_1_229' title='bbox 1737 2121 1769 2154; x_wconf 90' lang='lat' dir='ltr'><strong>on</strong></span> <span class='ocrx_word' id='word_1_230' title='bbox 1805 2106 1894 2155; x_wconf 85' lang='lat' dir='ltr'><strong>heoliad</strong></span> <span class='ocrx_word' id='word_1_231' title='bbox 1936 2106 2008 2153; x_wconf 74' lang='lat' dir='ltr'><strong>hvon</strong></span> <span class='ocrx_word' id='word_1_232' title='bbox 2135 2103 2171 2150; x_wconf 76' lang='lat' dir='ltr'><strong>tro</strong></span> 
     </span>
     <span class='ocr_line' id='line_1_17' title="bbox 246 2181 2165 2272; baseline -0.001 -26"><span class='ocrx_word' id='word_1_233' title='bbox 246 2206 310 2247; x_wconf 91' lang='lat' dir='ltr'><strong>ram</strong></span> <span class='ocrx_word' id='word_1_234' title='bbox 332 2183 412 2247; x_wconf 88' lang='lat' dir='ltr'><strong>hano</strong></span> <span class='ocrx_word' id='word_1_235' title='bbox 462 2182 578 2268; x_wconf 89' lang='lat' dir='ltr'><strong>legistis</strong></span> <span class='ocrx_word' id='word_1_236' title='bbox 647 2181 781 2269; x_wconf 80' lang='lat' dir='ltr'><strong>lapidem</strong></span> <span class='ocrx_word' id='word_1_237' title='bbox 810 2204 903 2268; x_wconf 91' lang='lat' dir='ltr'><strong>quem</strong></span> <span class='ocrx_word' id='word_1_238' title='bbox 923 2183 1169 2270; x_wconf 86' lang='lat' dir='ltr'><strong>reprobauerunt</strong></span> <span class='ocrx_word' id='word_1_239' title='bbox 1189 2181 1383 2247; x_wconf 87' lang='lat' dir='ltr'><strong>aedificantes</strong></span> <span class='ocrx_word' id='word_1_240' title='bbox 1405 2182 1456 2246; x_wconf 92' lang='lat' dir='ltr'><strong>hic</strong></span> <span class='ocrx_word' id='word_1_241' title='bbox 1498 2183 1596 2250; x_wconf 82' lang='lat' dir='ltr'><strong>factus</strong></span> <span class='ocrx_word' id='word_1_242' title='bbox 1648 2197 1694 2251; x_wconf 87' lang='lat' dir='ltr'><strong>est</strong></span> <span class='ocrx_word' id='word_1_243' title='bbox 1730 2185 1762 2250; x_wconf 94' lang='lat' dir='ltr'><strong>in</strong></span> <span class='ocrx_word' id='word_1_244' title='bbox 1802 2195 1893 2272; x_wconf 88' lang='lat' dir='ltr'><strong>caput</strong></span> <span class='ocrx_word' id='word_1_245' title='bbox 1912 2182 2041 2270; x_wconf 79' lang='lat' dir='ltr'><strong>anguli?</strong></span> <span class='ocrx_word' id='word_1_246' title='bbox 2070 2186 2119 2247; x_wconf 90' lang='lat' dir='ltr'><strong>li.</strong></span> <span class='ocrx_word' id='word_1_247' title='bbox 2146 2205 2165 2244; x_wconf 91' lang='lat' dir='ltr'><strong>a</strong></span> 
     </span>
    </p>
   </div>
   <div class='ocr_carea' id='block_1_10' title="bbox 247 2316 2176 2485">
    <p class='ocr_par' dir='ltr' id='par_1_10' title="bbox 247 2316 2176 2485">
     <span class='ocr_line' id='line_1_18' title="bbox 279 2316 2176 2381; baseline -0.001 -11"><span class='ocrx_word' id='word_1_248' title='bbox 279 2321 335 2370; x_wconf 78' lang='lat' dir='ltr'><strong>arm</strong></span> <span class='ocrx_word' id='word_1_249' title='bbox 396 2318 510 2368; x_wconf 80' lang='lat' dir='ltr'><strong>awordcn</strong></span> <span class='ocrx_word' id='word_1_250' title='bbox 546 2333 601 2367; x_wconf 77' lang='lat' dir='ltr'><strong>was</strong></span> <span class='ocrx_word' id='word_1_251' title='bbox 646 2319 690 2369; x_wconf 71' lang='lat' dir='ltr'><strong>&#39;dia</strong></span> <span class='ocrx_word' id='word_1_252' title='bbox 739 2316 756 2378; x_wconf 71' lang='grc' dir='ltr'><strong><em>Ἰ</em></strong></span> <span class='ocrx_word' id='word_1_253' title='bbox 794 2321 816 2367; x_wconf 85' lang='lat' dir='ltr'><strong>ts</strong></span> <span class='ocrx_word' id='word_1_254' title='bbox 851 2319 987 2369; x_wconf 73' lang='lat' dir='ltr'><strong>vanderiis</strong></span> <span class='ocrx_word' id='word_1_255' title='bbox 1021 2333 1053 2367; x_wconf 90' lang='lat' dir='ltr'><strong>on</strong></span> <span class='ocrx_word' id='word_1_256' title='bbox 1088 2332 1161 2381; x_wconf 75' lang='lat' dir='ltr'><strong>egum</strong></span> <span class='ocrx_word' id='word_1_257' title='bbox 1218 2332 1292 2367; x_wconf 87' lang='lat' dir='ltr'><strong>naum</strong></span> <span class='ocrx_word' id='word_1_258' title='bbox 1428 2316 1445 2378; x_wconf 67' lang='grc' dir='ltr'><strong><em>Ἰ</em></strong></span> <span class='ocrx_word' id='word_1_259' title='bbox 1527 2323 1618 2372; x_wconf 81' lang='lat' dir='ltr'><strong>sohtun</strong></span> <span class='ocrx_word' id='word_1_260' title='bbox 1688 2325 1747 2374; x_wconf 87' lang='lat' dir='ltr'><strong>hine</strong></span> <span class='ocrx_word' id='word_1_261' title='bbox 1782 2319 1983 2381; x_wconf 79' lang='lat' dir='ltr'><strong>tohaldanns]</strong></span> <span class='ocrx_word' id='word_1_262' title='bbox 2018 2320 2176 2370; x_wconf 84' lang='lat' dir='ltr'><strong>ondreordun</strong></span> 
     </span>
     <span class='ocr_line' id='line_1_19' title="bbox 247 2397 2176 2485; baseline -0.002 -20"><span class='ocrx_word' id='word_1_263' title='bbox 247 2399 370 2465; x_wconf 91' lang='lat' dir='ltr'><strong>domino</strong></span> <span class='ocrx_word' id='word_1_264' title='bbox 397 2398 512 2462; x_wconf 72' lang='lat' dir='ltr'><strong>factm</strong></span> <span class='ocrx_word' id='word_1_265' title='bbox 551 2408 598 2462; x_wconf 87' lang='lat' dir='ltr'><strong>est</strong></span> <span class='ocrx_word' id='word_1_266' title='bbox 626 2397 709 2462; x_wconf 91' lang='lat' dir='ltr'><strong>istud</strong></span> <span class='ocrx_word' id='word_1_267' title='bbox 730 2408 829 2464; x_wconf 82' lang='lat' dir='ltr'><strong>otest</strong></span> <span class='ocrx_word' id='word_1_268' title='bbox 854 2399 995 2464; x_wconf 87' lang='lat' dir='ltr'><strong>mirabile</strong></span> <span class='ocrx_word' id='word_1_269' title='bbox 1022 2399 1055 2462; x_wconf 91' lang='lat' dir='ltr'><strong>in</strong></span> <span class='ocrx_word' id='word_1_270' title='bbox 1076 2399 1172 2463; x_wconf 89' lang='lat' dir='ltr'><strong>oculis</strong></span> <span class='ocrx_word' id='word_1_271' title='bbox 1192 2399 1313 2462; x_wconf 89' lang='lat' dir='ltr'><strong>nostris.</strong></span> <span class='ocrx_word' id='word_1_272' title='bbox 1348 2399 1396 2462; x_wconf 89' lang='grc'><strong>12.</strong></span> <span class='ocrx_word' id='word_1_273' title='bbox 1411 2398 1454 2463; x_wconf 87' lang='lat' dir='ltr'><strong>Et</strong></span> <span class='ocrx_word' id='word_1_274' title='bbox 1474 2401 1663 2485; x_wconf 80' lang='lat' dir='ltr'><strong>quaerebant</strong></span> <span class='ocrx_word' id='word_1_275' title='bbox 1683 2423 1754 2468; x_wconf 91' lang='lat' dir='ltr'><strong>eum</strong></span> <span class='ocrx_word' id='word_1_276' title='bbox 1813 2413 1917 2466; x_wconf 87' lang='lat' dir='ltr'><strong>tenere</strong></span> <span class='ocrx_word' id='word_1_277' title='bbox 1958 2411 1989 2466; x_wconf 90' lang='lat' dir='ltr'><strong>et</strong></span> <span class='ocrx_word' id='word_1_278' title='bbox 2008 2401 2176 2464; x_wconf 89' lang='lat' dir='ltr'><strong>timuerunt</strong></span> 
     </span>
    </p>
   </div>
   <div class='ocr_carea' id='block_1_11' title="bbox 248 2534 2237 2702">
    <p class='ocr_par' dir='ltr' id='par_1_11' title="bbox 248 2534 2237 2702">
     <span class='ocr_line' id='line_1_20' title="bbox 248 2534 2146 2602; baseline -0.001 -15"><span class='ocrx_word' id='word_1_279' title='bbox 248 2538 314 2588; x_wconf 75' lang='lat' dir='ltr'><strong>itone</strong></span> <span class='ocrx_word' id='word_1_280' title='bbox 332 2537 406 2587; x_wconf 62' lang='lat' dir='ltr'><strong>treet</strong></span> <span class='ocrx_word' id='word_1_281' title='bbox 493 2544 600 2598; x_wconf 79' lang='lat' dir='ltr'><strong>ongetnn</strong></span> <span class='ocrx_word' id='word_1_282' title='bbox 678 2537 737 2585; x_wconf 82' lang='lat' dir='ltr'><strong>hine</strong></span> <span class='ocrx_word' id='word_1_283' title='bbox 795 2535 889 2586; x_wconf 72' lang='lat' dir='ltr'><strong>tor&#39;eon</strong></span> <span class='ocrx_word' id='word_1_284' title='bbox 940 2545 966 2585; x_wconf 79' lang='lat' dir='ltr'><strong>to</strong></span> <span class='ocrx_word' id='word_1_285' title='bbox 1008 2537 1059 2584; x_wconf 86' lang='lat' dir='ltr'><strong>him</strong></span> <span class='ocrx_word' id='word_1_286' title='bbox 1130 2536 1210 2599; x_wconf 82' lang='lat' dir='ltr'><strong>bispel</strong></span> <span class='ocrx_word' id='word_1_287' title='bbox 1297 2534 1346 2585; x_wconf 73' lang='lat' dir='ltr'><strong>’tas</strong></span> <span class='ocrx_word' id='word_1_288' title='bbox 1389 2537 1419 2584; x_wconf 86' lang='lat' dir='ltr'><strong>he</strong></span> <span class='ocrx_word' id='word_1_289' title='bbox 1436 2536 1541 2598; x_wconf 55' lang='lat' dir='ltr'><strong>manno</strong></span> <span class='ocrx_word' id='word_1_290' title='bbox 1576 2535 1591 2596; x_wconf 69' lang='grc' dir='ltr'><strong><em>Ἰ</em></strong></span> <span class='ocrx_word' id='word_1_291' title='bbox 1631 2537 1727 2602; x_wconf 61' lang='lat' dir='ltr'><strong>mihiiy</strong></span> <span class='ocrx_word' id='word_1_292' title='bbox 1745 2540 1880 2588; x_wconf 80' lang='lat' dir='ltr'><strong>torteorrnu</strong></span> <span class='ocrx_word' id='word_1_293' title='bbox 1926 2539 1984 2586; x_wconf 83' lang='lat' dir='ltr'><strong>hine</strong></span> <span class='ocrx_word' id='word_1_294' title='bbox 2038 2537 2146 2599; x_wconf 76' lang='lat' dir='ltr'><strong>gieodnn</strong></span> 
     </span>
     <span class='ocr_line' id='line_1_21' title="bbox 260 2615 2237 2702; baseline -0.001 -21"><span class='ocrx_word' id='word_1_295' title='bbox 260 2617 390 2681; x_wconf 87' lang='lat' dir='ltr'><strong>turbam.</strong></span> <span class='ocrx_word' id='word_1_296' title='bbox 431 2626 646 2702; x_wconf 85' lang='lat' dir='ltr'><strong>cognouerunt</strong></span> <span class='ocrx_word' id='word_1_297' title='bbox 665 2616 748 2680; x_wconf 88' lang='lat' dir='ltr'><strong>enim</strong></span> <span class='ocrx_word' id='word_1_298' title='bbox 769 2615 913 2702; x_wconf 88' lang='lat' dir='ltr'><strong>quoniam</strong></span> <span class='ocrx_word' id='word_1_299' title='bbox 936 2615 976 2679; x_wconf 90' lang='lat' dir='ltr'><strong>ad</strong></span> <span class='ocrx_word' id='word_1_300' title='bbox 1005 2637 1058 2680; x_wconf 90' lang='lat' dir='ltr'><strong>cos</strong></span> <span class='ocrx_word' id='word_1_301' title='bbox 1077 2615 1256 2702; x_wconf 88' lang='lat' dir='ltr'><strong>parabolam</strong></span> <span class='ocrx_word' id='word_1_302' title='bbox 1278 2616 1358 2679; x_wconf 89' lang='lat' dir='ltr'><strong>hanc</strong></span> <span class='ocrx_word' id='word_1_303' title='bbox 1410 2615 1532 2680; x_wconf 89' lang='lat' dir='ltr'><strong>dixerit.</strong></span> <span class='ocrx_word' id='word_1_304' title='bbox 1573 2627 1604 2682; x_wconf 92' lang='lat' dir='ltr'><strong>et</strong></span> <span class='ocrx_word' id='word_1_305' title='bbox 1700 2619 1807 2684; x_wconf 88' lang='lat' dir='ltr'><strong>relicto</strong></span> <span class='ocrx_word' id='word_1_306' title='bbox 1938 2640 1974 2682; x_wconf 92' lang='lat' dir='ltr'><strong>eo</strong></span> <span class='ocrx_word' id='word_1_307' title='bbox 2023 2617 2173 2682; x_wconf 77' lang='lat' dir='ltr'><strong>abierunt.</strong></span> <span class='ocrx_word' id='word_1_308' title='bbox 2198 2617 2237 2680; x_wconf 89' lang='lat'><strong>10</strong></span> 
     </span>
    </p>
   </div>
   <div class='ocr_carea' id='block_1_12' title="bbox 249 2751 2177 2922">
    <p class='ocr_par' dir='ltr' id='par_1_12' title="bbox 249 2751 2177 2922">
     <span class='ocr_line' id='line_1_22' title="bbox 329 2751 2177 2830; baseline -0.001 -27"><span class='ocrx_word' id='word_1_309' title='bbox 329 2751 346 2813; x_wconf 68' lang='grc' dir='ltr'><strong><em>Ἰ</em></strong></span> <span class='ocrx_word' id='word_1_310' title='bbox 402 2754 499 2804; x_wconf 78' lang='lat' dir='ltr'><strong>nondun</strong></span> <span class='ocrx_word' id='word_1_311' title='bbox 551 2757 577 2802; x_wconf 87' lang='lat' dir='ltr'><strong>to</strong></span> <span class='ocrx_word' id='word_1_312' title='bbox 621 2753 673 2802; x_wconf 90' lang='lat' dir='ltr'><strong>him</strong></span> <span class='ocrx_word' id='word_1_313' title='bbox 750 2765 821 2802; x_wconf 87' lang='lat' dir='ltr'><strong>sume</strong></span> <span class='ocrx_word' id='word_1_314' title='bbox 889 2755 953 2802; x_wconf 78' lang='lat' dir='ltr'><strong>from</strong></span> <span class='ocrx_word' id='word_1_315' title='bbox 994 2753 1117 2802; x_wconf 68' lang='lat' dir='ltr'><strong>clarorum</strong></span> <span class='ocrx_word' id='word_1_316' title='bbox 1173 2752 1189 2812; x_wconf 73' lang='lat'>1</span> <span class='ocrx_word' id='word_1_317' title='bbox 1226 2754 1330 2804; x_wconf 86' lang='lat' dir='ltr'><strong>herodes</strong></span> <span class='ocrx_word' id='word_1_318' title='bbox 1349 2753 1436 2814; x_wconf 69' lang='lat' dir='ltr'><strong>tegna</strong></span> <span class='ocrx_word' id='word_1_319' title='bbox 1469 2753 1521 2830; x_wconf 62' lang='lat' dir='ltr'><strong>“fite</strong></span> <span class='ocrx_word' id='word_1_320' title='bbox 1565 2755 1623 2803; x_wconf 84' lang='lat' dir='ltr'><strong>hina</strong></span> <span class='ocrx_word' id='word_1_321' title='bbox 1658 2756 1779 2815; x_wconf 76' lang='lat' dir='ltr'><strong>ginomun</strong></span> <span class='ocrx_word' id='word_1_322' title='bbox 1797 2755 1809 2802; x_wconf 88' lang='grc'><strong>1</strong></span> <span class='ocrx_word' id='word_1_323' title='bbox 1826 2755 1939 2817; x_wconf 77' lang='lat' dir='ltr'><strong>giteldnu</strong></span> <span class='ocrx_word' id='word_1_324' title='bbox 1976 2768 2008 2802; x_wconf 93' lang='lat' dir='ltr'><strong>on</strong></span> <span class='ocrx_word' id='word_1_325' title='bbox 2067 2752 2177 2802; x_wconf 79' lang='lat' dir='ltr'><strong>wordum</strong></span> 
     </span>
     <span class='ocr_line' id='line_1_23' title="bbox 249 2831 2173 2922; baseline -0.001 -25"><span class='ocrx_word' id='word_1_326' title='bbox 249 2835 296 2897; x_wconf 88' lang='lat'><strong>13.</strong></span> <span class='ocrx_word' id='word_1_327' title='bbox 317 2833 358 2898; x_wconf 83' lang='lat' dir='ltr'><strong>Et</strong></span> <span class='ocrx_word' id='word_1_328' title='bbox 389 2832 515 2896; x_wconf 88' lang='lat' dir='ltr'><strong>mittunt</strong></span> <span class='ocrx_word' id='word_1_329' title='bbox 544 2831 583 2895; x_wconf 85' lang='lat' dir='ltr'><strong>ad</strong></span> <span class='ocrx_word' id='word_1_330' title='bbox 615 2853 686 2896; x_wconf 89' lang='lat' dir='ltr'><strong>eum</strong></span> <span class='ocrx_word' id='word_1_331' title='bbox 717 2831 868 2918; x_wconf 89' lang='lat' dir='ltr'><strong>quosdam</strong></span> <span class='ocrx_word' id='word_1_332' title='bbox 899 2853 937 2896; x_wconf 86' lang='lat' dir='ltr'><strong>ex</strong></span> <span class='ocrx_word' id='word_1_333' title='bbox 969 2833 1138 2919; x_wconf 76' lang='lat' dir='ltr'><strong>pharisaeis</strong></span> <span class='ocrx_word' id='word_1_334' title='bbox 1168 2845 1198 2898; x_wconf 88' lang='lat' dir='ltr'><strong>et</strong></span> <span class='ocrx_word' id='word_1_335' title='bbox 1238 2833 1426 2898; x_wconf 89' lang='lat' dir='ltr'><strong>Herodiauis</strong></span> <span class='ocrx_word' id='word_1_336' title='bbox 1483 2843 1517 2898; x_wconf 91' lang='lat' dir='ltr'><strong>ot</strong></span> <span class='ocrx_word' id='word_1_337' title='bbox 1556 2855 1627 2898; x_wconf 90' lang='lat' dir='ltr'><strong>eum</strong></span> <span class='ocrx_word' id='word_1_338' title='bbox 1732 2845 1877 2922; x_wconf 75' lang='lat' dir='ltr'><strong>caperent</strong></span> <span class='ocrx_word' id='word_1_339' title='bbox 1973 2836 2005 2898; x_wconf 93' lang='lat' dir='ltr'><strong>in</strong></span> <span class='ocrx_word' id='word_1_340' title='bbox 2068 2834 2173 2898; x_wconf 87' lang='lat' dir='ltr'><strong>uerbo.</strong></span> 
     </span>
    </p>
   </div>
   <div class='ocr_carea' id='block_1_13' title="bbox 249 2966 2176 3139">
    <p class='ocr_par' dir='ltr' id='par_1_13' title="bbox 249 2966 2176 3139">
     <span class='ocr_line' id='line_1_24' title="bbox 323 2966 2168 3034; baseline 0 -14"><span class='ocrx_word' id='word_1_341' title='bbox 323 2970 396 3021; x_wconf 69' lang='lat' dir='ltr'><strong>caea</strong></span> <span class='ocrx_word' id='word_1_342' title='bbox 455 2983 546 3018; x_wconf 84' lang='lat' dir='ltr'><strong>comuu</strong></span> <span class='ocrx_word' id='word_1_343' title='bbox 599 2970 703 3019; x_wconf 79' lang='lat' dir='ltr'><strong>ewedun</strong></span> <span class='ocrx_word' id='word_1_344' title='bbox 737 2972 789 3020; x_wconf 83' lang='lat' dir='ltr'><strong>him</strong></span> <span class='ocrx_word' id='word_1_345' title='bbox 846 2970 921 3018; x_wconf 76' lang='lat' dir='ltr'><strong>larow</strong></span> <span class='ocrx_word' id='word_1_346' title='bbox 974 2983 1010 3018; x_wconf 77' lang='lat' dir='ltr'><strong>we</strong></span> <span class='ocrx_word' id='word_1_347' title='bbox 1028 2977 1114 3018; x_wconf 81' lang='lat' dir='ltr'><strong>wutnn</strong></span> <span class='ocrx_word' id='word_1_348' title='bbox 1150 2971 1228 3021; x_wconf 73' lang='lat' dir='ltr'><strong>’tatto</strong></span> <span class='ocrx_word' id='word_1_349' title='bbox 1262 2971 1368 3021; x_wconf 67' lang='lat' dir='ltr'><strong>andiunt</strong></span> <span class='ocrx_word' id='word_1_350' title='bbox 1403 2969 1487 3030; x_wconf 72' lang='lat' dir='ltr'><strong>talete)</strong></span> <span class='ocrx_word' id='word_1_351' title='bbox 1525 2966 1540 3028; x_wconf 74' lang='grc'><strong>1</strong></span> <span class='ocrx_word' id='word_1_352' title='bbox 1596 2985 1627 3021; x_wconf 88' lang='lat' dir='ltr'><strong>na</strong></span> <span class='ocrx_word' id='word_1_353' title='bbox 1661 2979 1782 3030; x_wconf 76' lang='lat' dir='ltr'><strong>gamastru</strong></span> <span class='ocrx_word' id='word_1_354' title='bbox 1818 2974 1882 3034; x_wconf 74' lang='lat' dir='ltr'><strong>anig</strong></span> <span class='ocrx_word' id='word_1_355' title='bbox 1895 2971 2082 3023; x_wconf 59' lang='lat' dir='ltr'><strong>attonitam</strong></span> <span class='ocrx_word' id='word_1_356' title='bbox 2137 2985 2168 3020; x_wconf 86' lang='lat' dir='ltr'><strong>ne</strong></span> 
     </span>
     <span class='ocr_line' id='line_1_25' title="bbox 249 3047 2176 3139; baseline 0.003 -28"><span class='ocrx_word' id='word_1_357' title='bbox 249 3051 296 3111; x_wconf 92' lang='grc'><strong>14.</strong></span> <span class='ocrx_word' id='word_1_358' title='bbox 325 3047 390 3128; x_wconf 87' lang='lat' dir='ltr'><strong>Qui</strong></span> <span class='ocrx_word' id='word_1_359' title='bbox 418 3049 575 3114; x_wconf 87' lang='lat' dir='ltr'><strong>uenientes</strong></span> <span class='ocrx_word' id='word_1_360' title='bbox 595 3049 700 3114; x_wconf 87' lang='lat' dir='ltr'><strong>dicunt</strong></span> <span class='ocrx_word' id='word_1_361' title='bbox 750 3051 778 3115; x_wconf 89' lang='lat' dir='ltr'><strong>ei</strong></span> <span class='ocrx_word' id='word_1_362' title='bbox 809 3049 958 3133; x_wconf 88' lang='lat' dir='ltr'><strong>magister</strong></span> <span class='ocrx_word' id='word_1_363' title='bbox 988 3048 1100 3114; x_wconf 90' lang='lat' dir='ltr'><strong>scimus</strong></span> <span class='ocrx_word' id='word_1_364' title='bbox 1153 3051 1225 3136; x_wconf 90' lang='lat' dir='ltr'><strong>quia</strong></span> <span class='ocrx_word' id='word_1_365' title='bbox 1267 3073 1362 3116; x_wconf 87' lang='lat' dir='ltr'><strong>uorax</strong></span> <span class='ocrx_word' id='word_1_366' title='bbox 1407 3073 1439 3114; x_wconf 83' lang='lat' dir='ltr'><strong>es</strong></span> <span class='ocrx_word' id='word_1_367' title='bbox 1521 3060 1553 3114; x_wconf 90' lang='lat' dir='ltr'><strong>et</strong></span> <span class='ocrx_word' id='word_1_368' title='bbox 1580 3073 1643 3114; x_wconf 90' lang='lat' dir='ltr'><strong>non</strong></span> <span class='ocrx_word' id='word_1_369' title='bbox 1676 3074 1764 3114; x_wconf 89' lang='lat' dir='ltr'><strong>curas</strong></span> <span class='ocrx_word' id='word_1_370' title='bbox 1851 3073 2036 3139; x_wconf 88' lang='lat' dir='ltr'><strong>quemquam</strong></span> <span class='ocrx_word' id='word_1_371' title='bbox 2119 3073 2176 3116; x_wconf 89' lang='lat' dir='ltr'><strong>nec</strong></span> 
     </span>
    </p>
   </div>
   <div class='ocr_carea' id='block_1_14' title="bbox 248 3186 2175 3335">
    <p class='ocr_par' dir='ltr' id='par_1_14' title="bbox 248 3186 2175 3335">
     <span class='ocr_line' id='line_1_26' title="bbox 248 3186 2144 3252; baseline 0.001 -18"><span class='ocrx_word' id='word_1_372' title='bbox 248 3187 340 3237; x_wconf 71' lang='lat' dir='ltr'><strong>soreos</strong></span> <span class='ocrx_word' id='word_1_373' title='bbox 382 3186 420 3236; x_wconf 70' lang='lat' dir='ltr'><strong>&#39;tu</strong></span> <span class='ocrx_word' id='word_1_374' title='bbox 439 3188 511 3249; x_wconf 74' lang='lat' dir='ltr'><strong>ghist</strong></span> <span class='ocrx_word' id='word_1_375' title='bbox 549 3201 581 3236; x_wconf 90' lang='lat' dir='ltr'><strong>on</strong></span> <span class='ocrx_word' id='word_1_376' title='bbox 617 3189 720 3238; x_wconf 83' lang='lat' dir='ltr'><strong>pusione</strong></span> <span class='ocrx_word' id='word_1_377' title='bbox 790 3199 894 3237; x_wconf 83' lang='lat' dir='ltr'><strong>mounes</strong></span> <span class='ocrx_word' id='word_1_378' title='bbox 960 3186 991 3236; x_wconf 82' lang='lat' dir='ltr'><strong>ah</strong></span> <span class='ocrx_word' id='word_1_379' title='bbox 1034 3191 1060 3236; x_wconf 85' lang='lat' dir='ltr'><strong>iu</strong></span> <span class='ocrx_word' id='word_1_380' title='bbox 1103 3187 1276 3238; x_wconf 69' lang='lat' dir='ltr'><strong>so’ttwnisso</strong></span> <span class='ocrx_word' id='word_1_381' title='bbox 1320 3203 1416 3250; x_wconf 81' lang='lat' dir='ltr'><strong>woegas</strong></span> <span class='ocrx_word' id='word_1_382' title='bbox 1450 3188 1526 3251; x_wconf 81' lang='lat' dir='ltr'><strong>godes</strong></span> <span class='ocrx_word' id='word_1_383' title='bbox 1568 3189 1635 3236; x_wconf 85' lang='lat' dir='ltr'><strong>lares</strong></span> <span class='ocrx_word' id='word_1_384' title='bbox 1670 3192 1692 3237; x_wconf 87' lang='lat' dir='ltr'><strong>is</strong></span> <span class='ocrx_word' id='word_1_385' title='bbox 1709 3189 1801 3252; x_wconf 74' lang='lat' dir='ltr'><strong>giletsd</strong></span> <span class='ocrx_word' id='word_1_386' title='bbox 1834 3197 1860 3240; x_wconf 90' lang='lat' dir='ltr'><strong>to</strong></span> <span class='ocrx_word' id='word_1_387' title='bbox 1880 3192 2005 3240; x_wconf 83' lang='lat' dir='ltr'><strong>seallanna</strong></span> <span class='ocrx_word' id='word_1_388' title='bbox 2071 3189 2144 3250; x_wconf 70' lang='lat' dir='ltr'><strong>&#39;gafal</strong></span> 
     </span>
     <span class='ocr_line' id='line_1_27' title="bbox 248 3265 2175 3335; baseline 0.002 -5"><span class='ocrx_word' id='word_1_389' title='bbox 248 3268 329 3330; x_wconf 87' lang='lat' dir='ltr'><strong>enim</strong></span> <span class='ocrx_word' id='word_1_390' title='bbox 408 3266 494 3331; x_wconf 90' lang='lat' dir='ltr'><strong>uides</strong></span> <span class='ocrx_word' id='word_1_391' title='bbox 554 3267 729 3330; x_wconf 85' lang='lat' dir='ltr'><strong>infaciem</strong></span> <span class='ocrx_word' id='word_1_392' title='bbox 760 3265 920 3330; x_wconf 90' lang='lat' dir='ltr'><strong>hominum</strong></span> <span class='ocrx_word' id='word_1_393' title='bbox 950 3265 1006 3330; x_wconf 93' lang='lat' dir='ltr'><strong>sed</strong></span> <span class='ocrx_word' id='word_1_394' title='bbox 1037 3267 1068 3328; x_wconf 91' lang='lat' dir='ltr'><strong>in</strong></span> <span class='ocrx_word' id='word_1_395' title='bbox 1134 3266 1261 3332; x_wconf 75' lang='lat' dir='ltr'><strong>ueritme</strong></span> <span class='ocrx_word' id='word_1_396' title='bbox 1332 3269 1413 3331; x_wconf 87' lang='lat' dir='ltr'><strong>uiam</strong></span> <span class='ocrx_word' id='word_1_397' title='bbox 1459 3267 1519 3332; x_wconf 90' lang='lat' dir='ltr'><strong>Dei</strong></span> <span class='ocrx_word' id='word_1_398' title='bbox 1548 3268 1649 3332; x_wconf 90' lang='lat' dir='ltr'><strong>doces.</strong></span> <span class='ocrx_word' id='word_1_399' title='bbox 1703 3270 1772 3334; x_wconf 89' lang='lat' dir='ltr'><strong>licet</strong></span> <span class='ocrx_word' id='word_1_400' title='bbox 1879 3271 1945 3335; x_wconf 91' lang='lat' dir='ltr'><strong>dari</strong></span> <span class='ocrx_word' id='word_1_401' title='bbox 2027 3271 2175 3334; x_wconf 91' lang='lat' dir='ltr'><strong>tributum</strong></span> 
     </span>
    </p>
   </div>
   <div class='ocr_carea' id='block_1_15' title="bbox 249 3403 2175 3571">
    <p class='ocr_par' dir='ltr' id='par_1_15' title="bbox 249 3403 2175 3571">
     <span class='ocr_line' id='line_1_28' title="bbox 249 3403 2168 3470; baseline 0 -16"><span class='ocrx_word' id='word_1_402' title='bbox 249 3403 315 3454; x_wconf 62' lang='lat' dir='ltr'><strong>tam</strong></span> <span class='ocrx_word' id='word_1_403' title='bbox 331 3417 413 3454; x_wconf 76' lang='lat' dir='ltr'><strong>carere</strong></span> <span class='ocrx_word' id='word_1_404' title='bbox 453 3405 464 3451; x_wconf 87' lang='grc'><strong>1</strong></span> <span class='ocrx_word' id='word_1_405' title='bbox 513 3417 547 3452; x_wconf 90' lang='lat' dir='ltr'><strong>no</strong></span> <span class='ocrx_word' id='word_1_406' title='bbox 597 3417 633 3451; x_wconf 80' lang='lat' dir='ltr'><strong>we</strong></span> <span class='ocrx_word' id='word_1_407' title='bbox 650 3403 724 3452; x_wconf 78' lang='lat' dir='ltr'><strong>sallas</strong></span> <span class='ocrx_word' id='word_1_408' title='bbox 860 3403 923 3454; x_wconf 68' lang='lat' dir='ltr'><strong>sede</strong></span> <span class='ocrx_word' id='word_1_409' title='bbox 957 3403 1027 3453; x_wconf 74' lang='lat' dir='ltr'><strong>vista</strong></span> <span class='ocrx_word' id='word_1_410' title='bbox 1063 3406 1269 3466; x_wconf 77' lang='lat' dir='ltr'><strong>geswtopomisse</strong></span> <span class='ocrx_word' id='word_1_411' title='bbox 1320 3405 1391 3454; x_wconf 84' lang='lat' dir='ltr'><strong>hiera</strong></span> <span class='ocrx_word' id='word_1_412' title='bbox 1442 3404 1520 3454; x_wconf 71' lang='lat' dir='ltr'><strong>rva’d</strong></span> <span class='ocrx_word' id='word_1_413' title='bbox 1554 3413 1581 3454; x_wconf 89' lang='lat' dir='ltr'><strong>to</strong></span> <span class='ocrx_word' id='word_1_414' title='bbox 1599 3406 1651 3454; x_wconf 91' lang='lat' dir='ltr'><strong>him</strong></span> <span class='ocrx_word' id='word_1_415' title='bbox 1692 3406 1762 3454; x_wconf 72' lang='lat' dir='ltr'><strong>hosat</strong></span> <span class='ocrx_word' id='word_1_416' title='bbox 1802 3421 1855 3456; x_wconf 88' lang='lat' dir='ltr'><strong>msc</strong></span> <span class='ocrx_word' id='word_1_417' title='bbox 1894 3407 2029 3470; x_wconf 47' lang='lat' dir='ltr'><strong>§cosdrae</strong></span> <span class='ocrx_word' id='word_1_418' title='bbox 2063 3409 2168 3468; x_wconf 69' lang='lat' dir='ltr'><strong>branges</strong></span> 
     </span>
     <span class='ocr_line' id='line_1_29' title="bbox 269 3480 2175 3571; baseline 0.001 -22"><span class='ocrx_word' id='word_1_419' title='bbox 269 3481 394 3550; x_wconf 84' lang='lat' dir='ltr'><strong>Caesari</strong></span> <span class='ocrx_word' id='word_1_420' title='bbox 437 3504 477 3547; x_wconf 88' lang='lat' dir='ltr'><strong>an</strong></span> <span class='ocrx_word' id='word_1_421' title='bbox 497 3505 559 3546; x_wconf 92' lang='lat' dir='ltr'><strong>non</strong></span> <span class='ocrx_word' id='word_1_422' title='bbox 581 3481 745 3547; x_wconf 80' lang='lat' dir='ltr'><strong>dabimus?</strong></span> <span class='ocrx_word' id='word_1_423' title='bbox 788 3483 837 3548; x_wconf 79' lang='lat' dir='ltr'><strong>lo.</strong></span> <span class='ocrx_word' id='word_1_424' title='bbox 859 3480 923 3561; x_wconf 86' lang='lat' dir='ltr'><strong>Qui</strong></span> <span class='ocrx_word' id='word_1_425' title='bbox 944 3483 1043 3548; x_wconf 90' lang='lat' dir='ltr'><strong>sciens</strong></span> <span class='ocrx_word' id='word_1_426' title='bbox 1084 3483 1251 3548; x_wconf 88' lang='lat' dir='ltr'><strong>uersutiam</strong></span> <span class='ocrx_word' id='word_1_427' title='bbox 1293 3483 1418 3548; x_wconf 90' lang='lat' dir='ltr'><strong>illorum</strong></span> <span class='ocrx_word' id='word_1_428' title='bbox 1459 3484 1502 3547; x_wconf 90' lang='lat' dir='ltr'><strong>ait</strong></span> <span class='ocrx_word' id='word_1_429' title='bbox 1574 3483 1634 3548; x_wconf 91' lang='lat' dir='ltr'><strong>illis</strong></span> <span class='ocrx_word' id='word_1_430' title='bbox 1687 3484 1761 3571; x_wconf 91' lang='lat' dir='ltr'><strong>quid</strong></span> <span class='ocrx_word' id='word_1_431' title='bbox 1804 3507 1854 3550; x_wconf 92' lang='lat' dir='ltr'><strong>me</strong></span> <span class='ocrx_word' id='word_1_432' title='bbox 1887 3486 2032 3550; x_wconf 83' lang='lat' dir='ltr'><strong>tentatis?</strong></span> <span class='ocrx_word' id='word_1_433' title='bbox 2069 3487 2175 3550; x_wconf 85' lang='lat' dir='ltr'><strong>afferte</strong></span> 
     </span>
    </p>
   </div>
   <div class='ocr_carea' id='block_1_16' title="bbox 249 3617 2238 3791">
    <p class='ocr_par' dir='ltr' id='par_1_16' title="bbox 249 3617 2238 3791">
     <span class='ocr_line' id='line_1_30' title="bbox 266 3617 2164 3695; baseline 0.002 -25"><span class='ocrx_word' id='word_1_434' title='bbox 266 3635 304 3670; x_wconf 88' lang='lat' dir='ltr'><strong>mo</strong></span> <span class='ocrx_word' id='word_1_435' title='bbox 373 3623 465 3686; x_wconf 73' lang='lat' dir='ltr'><strong>pening</strong></span> <span class='ocrx_word' id='word_1_436' title='bbox 520 3618 572 3695; x_wconf 62' lang='lat' dir='ltr'><strong>“fita</strong></span> <span class='ocrx_word' id='word_1_437' title='bbox 607 3619 685 3670; x_wconf 65' lang='lat' dir='ltr'><strong>owed</strong></span> <span class='ocrx_word' id='word_1_438' title='bbox 703 3627 728 3669; x_wconf 90' lang='lat' dir='ltr'><strong>to</strong></span> <span class='ocrx_word' id='word_1_439' title='bbox 746 3619 798 3668; x_wconf 90' lang='lat' dir='ltr'><strong>him</strong></span> <span class='ocrx_word' id='word_1_440' title='bbox 814 3620 839 3670; x_wconf 87' lang='lat' dir='ltr'><strong>io</strong></span> <span class='ocrx_word' id='word_1_441' title='bbox 856 3622 923 3681; x_wconf 68' lang='lat' dir='ltr'><strong>gasle</strong></span> <span class='ocrx_word' id='word_1_442' title='bbox 1034 3618 1085 3668; x_wconf 72' lang='lat' dir='ltr'><strong>ao’d</strong></span> <span class='ocrx_word' id='word_1_443' title='bbox 1120 3619 1166 3668; x_wconf 72' lang='lat' dir='ltr'><strong>hle</strong></span> <span class='ocrx_word' id='word_1_444' title='bbox 1205 3620 1337 3680; x_wconf 71' lang='lat' dir='ltr'><strong>gibrohtun</strong></span> <span class='ocrx_word' id='word_1_445' title='bbox 1378 3621 1430 3669; x_wconf 86' lang='lat' dir='ltr'><strong>him</strong></span> <span class='ocrx_word' id='word_1_446' title='bbox 1464 3617 1481 3679; x_wconf 68' lang='grc' dir='ltr'><strong><em>Ἰ</em></strong></span> <span class='ocrx_word' id='word_1_447' title='bbox 1518 3623 1596 3673; x_wconf 67' lang='lat' dir='ltr'><strong>cneo</strong></span> <span class='ocrx_word' id='word_1_448' title='bbox 1630 3623 1721 3672; x_wconf 85' lang='lat' dir='ltr'><strong>tohim</strong></span> <span class='ocrx_word' id='word_1_449' title='bbox 1761 3623 1832 3672; x_wconf 73' lang='lat' dir='ltr'><strong>uvat</strong></span> <span class='ocrx_word' id='word_1_450' title='bbox 1867 3625 1943 3674; x_wconf 71' lang='lat' dir='ltr'><strong>la&#39;cis</strong></span> <span class='ocrx_word' id='word_1_451' title='bbox 1977 3625 2080 3686; x_wconf 77' lang='lat' dir='ltr'><strong>ngcnes</strong></span> <span class='ocrx_word' id='word_1_452' title='bbox 2116 3623 2164 3674; x_wconf 74' lang='lat' dir='ltr'><strong>’eu</strong></span> 
     </span>
     <span class='ocr_line' id='line_1_31' title="bbox 249 3697 2238 3791; baseline 0 -25"><span class='ocrx_word' id='word_1_453' title='bbox 249 3702 323 3766; x_wconf 92' lang='lat' dir='ltr'><strong>mihi</strong></span> <span class='ocrx_word' id='word_1_454' title='bbox 344 3699 505 3766; x_wconf 87' lang='lat' dir='ltr'><strong>denarium</strong></span> <span class='ocrx_word' id='word_1_455' title='bbox 536 3707 570 3763; x_wconf 86' lang='lat' dir='ltr'><strong>nt</strong></span> <span class='ocrx_word' id='word_1_456' title='bbox 693 3697 823 3763; x_wconf 89' lang='lat' dir='ltr'><strong>uideam.</strong></span> <span class='ocrx_word' id='word_1_457' title='bbox 971 3698 1019 3762; x_wconf 85' lang='grc'><strong>16.</strong></span> <span class='ocrx_word' id='word_1_458' title='bbox 1039 3699 1086 3762; x_wconf 90' lang='lat' dir='ltr'><strong>At</strong></span> <span class='ocrx_word' id='word_1_459' title='bbox 1126 3699 1171 3762; x_wconf 93' lang='lat' dir='ltr'><strong>illi</strong></span> <span class='ocrx_word' id='word_1_460' title='bbox 1191 3700 1359 3765; x_wconf 88' lang='lat' dir='ltr'><strong>attuleruut</strong></span> <span class='ocrx_word' id='word_1_461' title='bbox 1391 3701 1428 3765; x_wconf 89' lang='lat' dir='ltr'><strong>ei.</strong></span> <span class='ocrx_word' id='word_1_462' title='bbox 1462 3712 1493 3766; x_wconf 92' lang='lat' dir='ltr'><strong>et</strong></span> <span class='ocrx_word' id='word_1_463' title='bbox 1534 3703 1576 3767; x_wconf 89' lang='lat' dir='ltr'><strong>ait</strong></span> <span class='ocrx_word' id='word_1_464' title='bbox 1646 3702 1706 3766; x_wconf 88' lang='lat' dir='ltr'><strong>illis</strong></span> <span class='ocrx_word' id='word_1_465' title='bbox 1749 3703 1834 3768; x_wconf 91' lang='lat' dir='ltr'><strong>cuius</strong></span> <span class='ocrx_word' id='word_1_466' title='bbox 1877 3717 1922 3767; x_wconf 74' lang='lat' dir='ltr'><strong>ast</strong></span> <span class='ocrx_word' id='word_1_467' title='bbox 1975 3704 2238 3791; x_wconf 77' lang='lat' dir='ltr'><strong>imagohae015</strong></span> 
     </span>
    </p>
   </div>
   <div class='ocr_carea' id='block_1_17' title="bbox 250 3852 2177 4023">
    <p class='ocr_par' dir='ltr' id='par_1_17' title="bbox 250 3852 2177 4023">
     <span class='ocr_line' id='line_1_32' title="bbox 257 3852 2177 3919; baseline 0.001 -15"><span class='ocrx_word' id='word_1_468' title='bbox 257 3856 273 3916; x_wconf 68' lang='grc' dir='ltr'><strong><em>Ἰ</em></strong></span> <span class='ocrx_word' id='word_1_469' title='bbox 310 3855 497 3904; x_wconf 81' lang='lat' dir='ltr'><strong>in-ionmerea</strong></span> <span class='ocrx_word' id='word_1_470' title='bbox 531 3852 635 3902; x_wconf 62' lang='lat' dir='ltr'><strong>credun</strong></span> <span class='ocrx_word' id='word_1_471' title='bbox 670 3853 722 3902; x_wconf 87' lang='lat' dir='ltr'><strong>him</strong></span> <span class='ocrx_word' id='word_1_472' title='bbox 757 3852 811 3902; x_wconf 74' lang='lat' dir='ltr'><strong>’sss</strong></span> <span class='ocrx_word' id='word_1_473' title='bbox 829 3865 924 3902; x_wconf 71' lang='lat' dir='ltr'><strong>oneres</strong></span> <span class='ocrx_word' id='word_1_474' title='bbox 1052 3853 1213 3914; x_wconf 72' lang='lat' dir='ltr'><strong>giondvorde</strong></span> <span class='ocrx_word' id='word_1_475' title='bbox 1258 3854 1355 3903; x_wconf 82' lang='lat' dir='ltr'><strong>wutudi</strong></span> <span class='ocrx_word' id='word_1_476' title='bbox 1390 3855 1483 3905; x_wconf 70' lang='lat' dir='ltr'><strong>’cahat</strong></span> <span class='ocrx_word' id='word_1_477' title='bbox 1518 3853 1597 3903; x_wconf 74' lang='lat' dir='ltr'><strong>cneii</strong></span> <span class='ocrx_word' id='word_1_478' title='bbox 1636 3853 1689 3907; x_wconf 87' lang='lat' dir='ltr'><strong>hlm</strong></span> <span class='ocrx_word' id='word_1_479' title='bbox 1723 3857 1808 3919; x_wconf 72' lang='lat' dir='ltr'><strong>geldas</strong></span> <span class='ocrx_word' id='word_1_480' title='bbox 1851 3857 1943 3906; x_wconf 71' lang='lat' dir='ltr'><strong>for’oon</strong></span> <span class='ocrx_word' id='word_1_481' title='bbox 1979 3857 2060 3908; x_wconf 64' lang='lat' dir='ltr'><strong>hade</strong></span> <span class='ocrx_word' id='word_1_482' title='bbox 2085 3859 2177 3907; x_wconf 86' lang='lat' dir='ltr'><strong>sindon</strong></span> 
     </span>
     <span class='ocr_line' id='line_1_33' title="bbox 250 3929 2168 4023; baseline -0.001 -22"><span class='ocrx_word' id='word_1_483' title='bbox 250 3947 280 4001; x_wconf 88' lang='lat' dir='ltr'><strong>et</strong></span> <span class='ocrx_word' id='word_1_484' title='bbox 315 3935 496 4023; x_wconf 75' lang='lat' dir='ltr'><strong>inscriptio?</strong></span> <span class='ocrx_word' id='word_1_485' title='bbox 537 3933 643 3998; x_wconf 89' lang='lat' dir='ltr'><strong>dicunt</strong></span> <span class='ocrx_word' id='word_1_486' title='bbox 686 3933 715 3998; x_wconf 92' lang='lat' dir='ltr'><strong>ei</strong></span> <span class='ocrx_word' id='word_1_487' title='bbox 767 3929 917 3998; x_wconf 87' lang='lat' dir='ltr'><strong>Caesaris.</strong></span> <span class='ocrx_word' id='word_1_488' title='bbox 962 3933 1010 3996; x_wconf 82' lang='lat' dir='ltr'><strong>li.</strong></span> <span class='ocrx_word' id='word_1_489' title='bbox 1031 3931 1236 4020; x_wconf 87' lang='lat' dir='ltr'><strong>Respondens</strong></span> <span class='ocrx_word' id='word_1_490' title='bbox 1256 3943 1359 3998; x_wconf 90' lang='lat' dir='ltr'><strong>autem</strong></span> <span class='ocrx_word' id='word_1_491' title='bbox 1396 3934 1484 4000; x_wconf 89' lang='lat' dir='ltr'><strong>Iesus</strong></span> <span class='ocrx_word' id='word_1_492' title='bbox 1514 3935 1593 4000; x_wconf 84' lang='lat' dir='ltr'><strong>dixit</strong></span> <span class='ocrx_word' id='word_1_493' title='bbox 1625 3936 1686 3999; x_wconf 92' lang='lat' dir='ltr'><strong>illis</strong></span> <span class='ocrx_word' id='word_1_494' title='bbox 1708 3935 1827 4002; x_wconf 89' lang='lat' dir='ltr'><strong>reddite</strong></span> <span class='ocrx_word' id='word_1_495' title='bbox 1847 3936 1941 4023; x_wconf 83' lang='lat' dir='ltr'><strong>igitur</strong></span> <span class='ocrx_word' id='word_1_496' title='bbox 1976 3959 2057 4022; x_wconf 86' lang='lat' dir='ltr'><strong>quae</strong></span> <span class='ocrx_word' id='word_1_497' title='bbox 2097 3947 2168 4002; x_wconf 89' lang='lat' dir='ltr'><strong>sunt</strong></span> 
     </span>
    </p>
   </div>
   <div class='ocr_carea' id='block_1_18' title="bbox 251 4083 2177 4256">
    <p class='ocr_par' dir='ltr' id='par_1_18' title="bbox 251 4083 2177 4256">
     <span class='ocr_line' id='line_1_34' title="bbox 272 4083 2075 4151; baseline 0.001 -13"><span class='ocrx_word' id='word_1_498' title='bbox 272 4103 367 4138; x_wconf 78' lang='lat' dir='ltr'><strong>casanae</strong></span> <span class='ocrx_word' id='word_1_499' title='bbox 423 4089 489 4138; x_wconf 71' lang='lat' dir='ltr'><strong>’tam</strong></span> <span class='ocrx_word' id='word_1_500' title='bbox 506 4101 588 4138; x_wconf 81' lang='lat' dir='ltr'><strong>casare</strong></span> <span class='ocrx_word' id='word_1_501' title='bbox 621 4083 638 4145; x_wconf 73' lang='grc' dir='ltr'><strong><em>Ἰ</em></strong></span> <span class='ocrx_word' id='word_1_502' title='bbox 675 4084 757 4135; x_wconf 58' lang='lat' dir='ltr'><strong>dade</strong></span> <span class='ocrx_word' id='word_1_503' title='bbox 790 4099 854 4134; x_wconf 74' lang='lat' dir='ltr'><strong>uun</strong></span> <span class='ocrx_word' id='word_1_504' title='bbox 886 4086 963 4148; x_wconf 78' lang='lat' dir='ltr'><strong>godes</strong></span> <span class='ocrx_word' id='word_1_505' title='bbox 998 4088 1063 4148; x_wconf 72' lang='lat' dir='ltr'><strong>godo</strong></span> <span class='ocrx_word' id='word_1_506' title='bbox 1107 4084 1122 4145; x_wconf 72' lang='grc'><strong>1</strong></span> <span class='ocrx_word' id='word_1_507' title='bbox 1176 4087 1332 4137; x_wconf 77' lang='lat' dir='ltr'><strong>wandradnn</strong></span> <span class='ocrx_word' id='word_1_508' title='bbox 1399 4090 1452 4138; x_wconf 80' lang='lat' dir='ltr'><strong>oter</strong></span> <span class='ocrx_word' id='word_1_509' title='bbox 1502 4091 1561 4139; x_wconf 83' lang='lat' dir='ltr'><strong>hinc</strong></span> <span class='ocrx_word' id='word_1_510' title='bbox 1712 4089 1727 4151; x_wconf 73' lang='grc'><strong>1</strong></span> <span class='ocrx_word' id='word_1_511' title='bbox 1791 4103 1880 4140; x_wconf 87' lang='lat' dir='ltr'><strong>comon</strong></span> <span class='ocrx_word' id='word_1_512' title='bbox 1945 4097 1971 4140; x_wconf 89' lang='lat' dir='ltr'><strong>to</strong></span> <span class='ocrx_word' id='word_1_513' title='bbox 2025 4092 2075 4140; x_wconf 90' lang='lat' dir='ltr'><strong>him</strong></span> 
     </span>
     <span class='ocr_line' id='line_1_35' title="bbox 251 4166 2177 4256; baseline -0.001 -21"><span class='ocrx_word' id='word_1_514' title='bbox 251 4168 391 4235; x_wconf 84' lang='lat' dir='ltr'><strong>Caesaris</strong></span> <span class='ocrx_word' id='word_1_515' title='bbox 441 4167 566 4234; x_wconf 83' lang='lat' dir='ltr'><strong>Caesari</strong></span> <span class='ocrx_word' id='word_1_516' title='bbox 614 4177 645 4232; x_wconf 90' lang='lat' dir='ltr'><strong>et</strong></span> <span class='ocrx_word' id='word_1_517' title='bbox 676 4187 755 4252; x_wconf 88' lang='lat' dir='ltr'><strong>quae</strong></span> <span class='ocrx_word' id='word_1_518' title='bbox 786 4175 858 4230; x_wconf 90' lang='lat' dir='ltr'><strong>sunt</strong></span> <span class='ocrx_word' id='word_1_519' title='bbox 893 4166 955 4232; x_wconf 86' lang='lat' dir='ltr'><strong>Dei</strong></span> <span class='ocrx_word' id='word_1_520' title='bbox 990 4166 1070 4232; x_wconf 90' lang='lat' dir='ltr'><strong>Deo.</strong></span> <span class='ocrx_word' id='word_1_521' title='bbox 1101 4177 1132 4232; x_wconf 91' lang='lat' dir='ltr'><strong>et</strong></span> <span class='ocrx_word' id='word_1_522' title='bbox 1162 4167 1354 4232; x_wconf 86' lang='lat' dir='ltr'><strong>mirabantur</strong></span> <span class='ocrx_word' id='word_1_523' title='bbox 1384 4191 1477 4256; x_wconf 91' lang='lat' dir='ltr'><strong>super</strong></span> <span class='ocrx_word' id='word_1_524' title='bbox 1514 4191 1560 4234; x_wconf 87' lang='lat' dir='ltr'><strong>eo.</strong></span> <span class='ocrx_word' id='word_1_525' title='bbox 1628 4170 1677 4235; x_wconf 90' lang='lat'><strong>18.</strong></span> <span class='ocrx_word' id='word_1_526' title='bbox 1697 4168 1738 4234; x_wconf 83' lang='lat' dir='ltr'><strong>Et</strong></span> <span class='ocrx_word' id='word_1_527' title='bbox 1759 4181 1911 4235; x_wconf 91' lang='lat' dir='ltr'><strong>uenerunt</strong></span> <span class='ocrx_word' id='word_1_528' title='bbox 1937 4171 1976 4234; x_wconf 87' lang='lat' dir='ltr'><strong>ad</strong></span> <span class='ocrx_word' id='word_1_529' title='bbox 2008 4192 2079 4235; x_wconf 90' lang='lat' dir='ltr'><strong>eum</strong></span> <span class='ocrx_word' id='word_1_530' title='bbox 2100 4167 2177 4236; x_wconf 84' lang='lat' dir='ltr'><strong>Sad-</strong></span> 
     </span>
    </p>
   </div>
   <div class='ocr_carea' id='block_1_19' title="bbox 251 4319 2177 4491">
    <p class='ocr_par' dir='ltr' id='par_1_19' title="bbox 251 4319 2177 4491">
     <span class='ocr_line' id='line_1_36' title="bbox 388 4319 2154 4386; baseline -0.001 -12"><span class='ocrx_word' id='word_1_531' title='bbox 388 4322 460 4374; x_wconf 76' lang='lat' dir='ltr'><strong>’ds’ds</strong></span> <span class='ocrx_word' id='word_1_532' title='bbox 495 4320 609 4371; x_wconf 70' lang='lat' dir='ltr'><strong>ewm’taa</strong></span> <span class='ocrx_word' id='word_1_533' title='bbox 729 4322 795 4370; x_wconf 73' lang='lat' dir='ltr'><strong>arist</strong></span> <span class='ocrx_word' id='word_1_534' title='bbox 927 4334 957 4370; x_wconf 87' lang='lat' dir='ltr'><strong>ns</strong></span> <span class='ocrx_word' id='word_1_535' title='bbox 993 4319 1105 4381; x_wconf 76' lang='lat' dir='ltr'><strong>ware]</strong></span> <span class='ocrx_word' id='word_1_536' title='bbox 1197 4324 1306 4382; x_wconf 76' lang='lat' dir='ltr'><strong>trugnun</strong></span> <span class='ocrx_word' id='word_1_537' title='bbox 1392 4323 1449 4372; x_wconf 85' lang='lat' dir='ltr'><strong>hine</strong></span> <span class='ocrx_word' id='word_1_538' title='bbox 1485 4323 1536 4374; x_wconf 70' lang='lat' dir='ltr'><strong>’ens</strong></span> <span class='ocrx_word' id='word_1_539' title='bbox 1554 4323 1690 4374; x_wconf 67' lang='lat' dir='ltr'><strong>evadende</strong></span> <span class='ocrx_word' id='word_1_540' title='bbox 1792 4326 1907 4376; x_wconf 76' lang='lat' dir='ltr'><strong>taisson</strong></span> <span class='ocrx_word' id='word_1_541' title='bbox 1965 4337 2063 4386; x_wconf 82' lang='lat' dir='ltr'><strong>moyses</strong></span> <span class='ocrx_word' id='word_1_542' title='bbox 2125 4337 2154 4372; x_wconf 88' lang='lat' dir='ltr'><strong>ns</strong></span> 
     </span>
     <span class='ocr_line' id='line_1_37' title="bbox 251 4399 2177 4491; baseline 0.001 -26"><span class='ocrx_word' id='word_1_543' title='bbox 251 4402 357 4466; x_wconf 86' lang='lat' dir='ltr'><strong>ducaei</strong></span> <span class='ocrx_word' id='word_1_544' title='bbox 397 4401 450 4487; x_wconf 90' lang='lat' dir='ltr'><strong>qui</strong></span> <span class='ocrx_word' id='word_1_545' title='bbox 497 4400 604 4465; x_wconf 88' lang='lat' dir='ltr'><strong>dicunt</strong></span> <span class='ocrx_word' id='word_1_546' title='bbox 631 4399 885 4463; x_wconf 87' lang='lat' dir='ltr'><strong>resurrectionem</strong></span> <span class='ocrx_word' id='word_1_547' title='bbox 907 4422 970 4463; x_wconf 92' lang='lat' dir='ltr'><strong>non</strong></span> <span class='ocrx_word' id='word_1_548' title='bbox 992 4422 1058 4465; x_wconf 88' lang='lat' dir='ltr'><strong>esse</strong></span> <span class='ocrx_word' id='word_1_549' title='bbox 1080 4411 1110 4465; x_wconf 93' lang='lat' dir='ltr'><strong>et</strong></span> <span class='ocrx_word' id='word_1_550' title='bbox 1130 4401 1363 4486; x_wconf 85' lang='lat' dir='ltr'><strong>interrogabant</strong></span> <span class='ocrx_word' id='word_1_551' title='bbox 1384 4425 1454 4467; x_wconf 88' lang='lat' dir='ltr'><strong>eum</strong></span> <span class='ocrx_word' id='word_1_552' title='bbox 1524 4403 1678 4469; x_wconf 84' lang='lat' dir='ltr'><strong>dicentes·</strong></span> <span class='ocrx_word' id='word_1_553' title='bbox 1710 4405 1757 4470; x_wconf 86' lang='lat'><strong>19.</strong></span> <span class='ocrx_word' id='word_1_554' title='bbox 1778 4406 1924 4491; x_wconf 84' lang='lat' dir='ltr'><strong>magister</strong></span> <span class='ocrx_word' id='word_1_555' title='bbox 1942 4404 2069 4490; x_wconf 85' lang='lat' dir='ltr'><strong>Moyses</strong></span> <span class='ocrx_word' id='word_1_556' title='bbox 2089 4402 2177 4468; x_wconf 85' lang='lat' dir='ltr'><strong>nobis</strong></span> 
     </span>
    </p>
   </div>
   <div class='ocr_carea' id='block_1_20' title="bbox 251 4552 2178 4724">
    <p class='ocr_par' dir='ltr' id='par_1_20' title="bbox 251 4552 2178 4724">
     <span class='ocr_line' id='line_1_38' title="bbox 273 4552 2171 4634; baseline 0 -30"><span class='ocrx_word' id='word_1_557' title='bbox 273 4563 348 4605; x_wconf 79' lang='lat' dir='ltr'><strong>awrat</strong></span> <span class='ocrx_word' id='word_1_558' title='bbox 449 4557 488 4614; x_wconf 75' lang='lat' dir='ltr'><strong>gir</strong></span> <span class='ocrx_word' id='word_1_559' title='bbox 518 4554 595 4603; x_wconf 81' lang='lat' dir='ltr'><strong>hwele</strong></span> <span class='ocrx_word' id='word_1_560' title='bbox 629 4553 723 4603; x_wconf 78' lang='lat' dir='ltr'><strong>bro’tar</strong></span> <span class='ocrx_word' id='word_1_561' title='bbox 791 4552 856 4602; x_wconf 83' lang='lat' dir='ltr'><strong>deod</strong></span> <span class='ocrx_word' id='word_1_562' title='bbox 936 4557 972 4602; x_wconf 85' lang='lat' dir='ltr'><strong>ste</strong></span> <span class='ocrx_word' id='word_1_563' title='bbox 1093 4555 1193 4604; x_wconf 79' lang='lat' dir='ltr'><strong>totietas</strong></span> <span class='ocrx_word' id='word_1_564' title='bbox 1248 4554 1300 4605; x_wconf 74' lang='lat' dir='ltr'><strong>&#39;cat</strong></span> <span class='ocrx_word' id='word_1_565' title='bbox 1317 4557 1362 4605; x_wconf 75' lang='lat' dir='ltr'><strong>wu</strong></span> <span class='ocrx_word' id='word_1_566' title='bbox 1400 4554 1415 4616; x_wconf 73' lang='grc'><strong>1</strong></span> <span class='ocrx_word' id='word_1_567' title='bbox 1453 4571 1517 4606; x_wconf 84' lang='lat' dir='ltr'><strong>suno</strong></span> <span class='ocrx_word' id='word_1_568' title='bbox 1569 4571 1600 4604; x_wconf 89' lang='lat' dir='ltr'><strong>ne</strong></span> <span class='ocrx_word' id='word_1_569' title='bbox 1687 4559 1748 4608; x_wconf 82' lang='lat' dir='ltr'><strong>letas</strong></span> <span class='ocrx_word' id='word_1_570' title='bbox 1821 4557 1872 4634; x_wconf 53' lang='lat' dir='ltr'><strong>pte</strong></span> <span class='ocrx_word' id='word_1_571' title='bbox 1890 4559 1963 4606; x_wconf 79' lang='lat' dir='ltr'><strong>onice</strong></span> <span class='ocrx_word' id='word_1_572' title='bbox 1997 4557 2089 4607; x_wconf 65' lang='lat' dir='ltr'><strong>bruher</strong></span> <span class='ocrx_word' id='word_1_573' title='bbox 2133 4557 2171 4605; x_wconf 87' lang='lat' dir='ltr'><strong>his</strong></span> 
     </span>
     <span class='ocr_line' id='line_1_39' title="bbox 251 4633 2178 4724; baseline -0.001 -24"><span class='ocrx_word' id='word_1_574' title='bbox 251 4636 372 4724; x_wconf 89' lang='lat' dir='ltr'><strong>scripsit</strong></span> <span class='ocrx_word' id='word_1_575' title='bbox 392 4644 426 4699; x_wconf 94' lang='lat' dir='ltr'><strong>ut</strong></span> <span class='ocrx_word' id='word_1_576' title='bbox 453 4635 479 4697; x_wconf 92' lang='lat' dir='ltr'><strong>si</strong></span> <span class='ocrx_word' id='word_1_577' title='bbox 517 4635 603 4699; x_wconf 90' lang='lat' dir='ltr'><strong>cuius</strong></span> <span class='ocrx_word' id='word_1_578' title='bbox 631 4633 726 4697; x_wconf 87' lang='lat' dir='ltr'><strong>frater</strong></span> <span class='ocrx_word' id='word_1_579' title='bbox 746 4641 886 4697; x_wconf 88' lang='lat' dir='ltr'><strong>mortuus</strong></span> <span class='ocrx_word' id='word_1_580' title='bbox 908 4633 1000 4698; x_wconf 85' lang='lat' dir='ltr'><strong>fuerit</strong></span> <span class='ocrx_word' id='word_1_581' title='bbox 1021 4643 1052 4698; x_wconf 87' lang='lat' dir='ltr'><strong>et</strong></span> <span class='ocrx_word' id='word_1_582' title='bbox 1072 4634 1220 4699; x_wconf 86' lang='lat' dir='ltr'><strong>dimiserit</strong></span> <span class='ocrx_word' id='word_1_583' title='bbox 1239 4656 1370 4699; x_wconf 87' lang='lat' dir='ltr'><strong>uxorem</strong></span> <span class='ocrx_word' id='word_1_584' title='bbox 1392 4645 1422 4699; x_wconf 88' lang='lat' dir='ltr'><strong>et</strong></span> <span class='ocrx_word' id='word_1_585' title='bbox 1447 4635 1526 4700; x_wconf 91' lang='lat' dir='ltr'><strong>filios</strong></span> <span class='ocrx_word' id='word_1_586' title='bbox 1553 4658 1616 4701; x_wconf 93' lang='lat' dir='ltr'><strong>non</strong></span> <span class='ocrx_word' id='word_1_587' title='bbox 1638 4636 1797 4722; x_wconf 82' lang='lat' dir='ltr'><strong>reliquerit</strong></span> <span class='ocrx_word' id='word_1_588' title='bbox 1823 4637 1951 4724; x_wconf 89' lang='lat' dir='ltr'><strong>accipiat</strong></span> <span class='ocrx_word' id='word_1_589' title='bbox 1990 4637 2085 4700; x_wconf 82' lang='lat' dir='ltr'><strong>irater</strong></span> <span class='ocrx_word' id='word_1_590' title='bbox 2113 4637 2178 4702; x_wconf 89' lang='lat' dir='ltr'><strong>eius</strong></span> 
     </span>
    </p>
   </div>
   <div class='ocr_carea' id='block_1_21' title="bbox 252 4786 2241 4957">
    <p class='ocr_par' dir='ltr' id='par_1_21' title="bbox 252 4786 2241 4957">
     <span class='ocr_line' id='line_1_40' title="bbox 291 4786 2171 4854; baseline 0 -16"><span class='ocrx_word' id='word_1_591' title='bbox 291 4792 339 4839; x_wconf 83' lang='lat' dir='ltr'><strong>lato</strong></span> <span class='ocrx_word' id='word_1_592' title='bbox 407 4788 461 4839; x_wconf 72' lang='lat' dir='ltr'><strong>’tes</strong></span> <span class='ocrx_word' id='word_1_593' title='bbox 479 4789 528 4836; x_wconf 86' lang='lat' dir='ltr'><strong>ilca</strong></span> <span class='ocrx_word' id='word_1_594' title='bbox 561 4786 577 4848; x_wconf 74' lang='lat'>1</span> <span class='ocrx_word' id='word_1_595' title='bbox 614 4790 649 4838; x_wconf 83' lang='lat' dir='ltr'><strong>att</strong></span> <span class='ocrx_word' id='word_1_596' title='bbox 666 4787 780 4837; x_wconf 74' lang='lat' dir='ltr'><strong>awema’d</strong></span> <span class='ocrx_word' id='word_1_597' title='bbox 832 4787 876 4836; x_wconf 85' lang='lat' dir='ltr'><strong>ssd</strong></span> <span class='ocrx_word' id='word_1_598' title='bbox 936 4786 1030 4836; x_wconf 62' lang='lat' dir='ltr'><strong>broces</strong></span> <span class='ocrx_word' id='word_1_599' title='bbox 1070 4787 1109 4836; x_wconf 87' lang='lat' dir='ltr'><strong>hia</strong></span> <span class='ocrx_word' id='word_1_600' title='bbox 1270 4791 1368 4839; x_wconf 83' lang='lat' dir='ltr'><strong>sictone</strong></span> <span class='ocrx_word' id='word_1_601' title='bbox 1403 4788 1494 4838; x_wconf 73' lang='lat' dir='ltr'><strong>ror’eon</strong></span> <span class='ocrx_word' id='word_1_602' title='bbox 1537 4787 1631 4838; x_wconf 57' lang='lat' dir='ltr'><strong>broder</strong></span> <span class='ocrx_word' id='word_1_603' title='bbox 1665 4804 1748 4839; x_wconf 80' lang='lat' dir='ltr'><strong>weron</strong></span> <span class='ocrx_word' id='word_1_604' title='bbox 1782 4787 1799 4850; x_wconf 72' lang='grc' dir='ltr'><strong><em>Ἰ</em></strong></span> <span class='ocrx_word' id='word_1_605' title='bbox 1837 4789 1871 4840; x_wconf 72' lang='lat' dir='ltr'><strong>&#39;ts</strong></span> <span class='ocrx_word' id='word_1_606' title='bbox 1887 4789 2040 4840; x_wconf 64' lang='lat' dir='ltr'><strong>toerhmesta</strong></span> <span class='ocrx_word' id='word_1_607' title='bbox 2080 4793 2171 4854; x_wconf 75' lang='lat' dir='ltr'><strong>outeug</strong></span> 
     </span>
     <span class='ocr_line' id='line_1_41' title="bbox 252 4865 2241 4957; baseline 0.001 -24"><span class='ocrx_word' id='word_1_608' title='bbox 252 4890 380 4934; x_wconf 87' lang='lat' dir='ltr'><strong>uxorem</strong></span> <span class='ocrx_word' id='word_1_609' title='bbox 419 4868 513 4955; x_wconf 91' lang='lat' dir='ltr'><strong>ipsius</strong></span> <span class='ocrx_word' id='word_1_610' title='bbox 552 4877 582 4931; x_wconf 87' lang='lat' dir='ltr'><strong>et</strong></span> <span class='ocrx_word' id='word_1_611' title='bbox 616 4867 774 4932; x_wconf 90' lang='lat' dir='ltr'><strong>resuscitet</strong></span> <span class='ocrx_word' id='word_1_612' title='bbox 799 4886 903 4932; x_wconf 88' lang='lat' dir='ltr'><strong>semen</strong></span> <span class='ocrx_word' id='word_1_613' title='bbox 939 4867 1026 4930; x_wconf 83' lang='lat' dir='ltr'><strong>fratri</strong></span> <span class='ocrx_word' id='word_1_614' title='bbox 1059 4887 1123 4930; x_wconf 89' lang='lat' dir='ltr'><strong>suo.</strong></span> <span class='ocrx_word' id='word_1_615' title='bbox 1181 4867 1230 4931; x_wconf 88' lang='grc'><strong>20.</strong></span> <span class='ocrx_word' id='word_1_616' title='bbox 1260 4865 1386 4955; x_wconf 87' lang='lat' dir='ltr'><strong>Septem</strong></span> <span class='ocrx_word' id='word_1_617' title='bbox 1415 4889 1490 4954; x_wconf 85' lang='lat' dir='ltr'><strong>ergo</strong></span> <span class='ocrx_word' id='word_1_618' title='bbox 1529 4867 1639 4932; x_wconf 86' lang='lat' dir='ltr'><strong>fratres</strong></span> <span class='ocrx_word' id='word_1_619' title='bbox 1662 4881 1748 4934; x_wconf 87' lang='lat' dir='ltr'><strong>erant</strong></span> <span class='ocrx_word' id='word_1_620' title='bbox 1775 4879 1805 4936; x_wconf 91' lang='lat' dir='ltr'><strong>et</strong></span> <span class='ocrx_word' id='word_1_621' title='bbox 1883 4870 2000 4956; x_wconf 89' lang='lat' dir='ltr'><strong>primus</strong></span> <span class='ocrx_word' id='word_1_622' title='bbox 2063 4871 2179 4957; x_wconf 86' lang='lat' dir='ltr'><strong>accepit</strong></span> <span class='ocrx_word' id='word_1_623' title='bbox 2199 4872 2241 4935; x_wconf 77' lang='lat'><strong>20</strong></span> 
     </span>
    </p>
   </div>
   <div class='ocr_carea' id='block_1_22' title="bbox 253 5018 2178 5189">
    <p class='ocr_par' dir='ltr' id='par_1_22' title="bbox 253 5018 2178 5189">
     <span class='ocr_line' id='line_1_42' title="bbox 270 5018 2085 5082; baseline 0 -9"><span class='ocrx_word' id='word_1_624' title='bbox 270 5024 322 5074; x_wconf 72' lang='lat' dir='ltr'><strong>&#39;cat</strong></span> <span class='ocrx_word' id='word_1_625' title='bbox 338 5025 384 5072; x_wconf 74' lang='lat' dir='ltr'><strong>vil</strong></span> <span class='ocrx_word' id='word_1_626' title='bbox 416 5021 431 5082; x_wconf 69' lang='grc' dir='ltr'><strong><em>Ἰ</em></strong></span> <span class='ocrx_word' id='word_1_627' title='bbox 496 5020 559 5069; x_wconf 86' lang='lat' dir='ltr'><strong>dead</strong></span> <span class='ocrx_word' id='word_1_628' title='bbox 611 5033 666 5069; x_wconf 72' lang='lat' dir='ltr'><strong>aas</strong></span> <span class='ocrx_word' id='word_1_629' title='bbox 719 5021 860 5070; x_wconf 79' lang='lat' dir='ltr'><strong>autariatas</strong></span> <span class='ocrx_word' id='word_1_630' title='bbox 952 5019 994 5068; x_wconf 84' lang='lat' dir='ltr'><strong>aad</strong></span> <span class='ocrx_word' id='word_1_631' title='bbox 1176 5019 1191 5080; x_wconf 71' lang='grc'><strong>1</strong></span> <span class='ocrx_word' id='word_1_632' title='bbox 1236 5021 1270 5071; x_wconf 64' lang='lat' dir='ltr'><strong>Be</strong></span> <span class='ocrx_word' id='word_1_633' title='bbox 1288 5024 1382 5072; x_wconf 80' lang='lat' dir='ltr'><strong>attam</strong></span> <span class='ocrx_word' id='word_1_634' title='bbox 1422 5024 1513 5082; x_wconf 78' lang='lat' dir='ltr'><strong>onteng</strong></span> <span class='ocrx_word' id='word_1_635' title='bbox 1548 5021 1584 5072; x_wconf 77' lang='lat' dir='ltr'><strong>’da</strong></span> <span class='ocrx_word' id='word_1_636' title='bbox 1603 5022 1651 5071; x_wconf 77' lang='lat' dir='ltr'><strong>tica</strong></span> <span class='ocrx_word' id='word_1_637' title='bbox 1684 5018 1701 5080; x_wconf 73' lang='grc' dir='ltr'><strong><em>Ἰ</em></strong></span> <span class='ocrx_word' id='word_1_638' title='bbox 1772 5021 1836 5071; x_wconf 86' lang='lat' dir='ltr'><strong>deod</strong></span> <span class='ocrx_word' id='word_1_639' title='bbox 1898 5037 1952 5071; x_wconf 78' lang='lat' dir='ltr'><strong>wass</strong></span> <span class='ocrx_word' id='word_1_640' title='bbox 2055 5037 2085 5073; x_wconf 88' lang='lat' dir='ltr'><strong>ne</strong></span> 
     </span>
     <span class='ocr_line' id='line_1_43' title="bbox 253 5097 2178 5189; baseline -0.001 -20"><span class='ocrx_word' id='word_1_641' title='bbox 253 5126 382 5169; x_wconf 85' lang='lat' dir='ltr'><strong>uxorem</strong></span> <span class='ocrx_word' id='word_1_642' title='bbox 404 5113 434 5168; x_wconf 85' lang='lat' dir='ltr'><strong>et</strong></span> <span class='ocrx_word' id='word_1_643' title='bbox 454 5110 593 5164; x_wconf 82' lang='lat' dir='ltr'><strong>mortuus</strong></span> <span class='ocrx_word' id='word_1_644' title='bbox 615 5109 661 5164; x_wconf 89' lang='lat' dir='ltr'><strong>est</strong></span> <span class='ocrx_word' id='word_1_645' title='bbox 690 5121 754 5164; x_wconf 90' lang='lat' dir='ltr'><strong>nou</strong></span> <span class='ocrx_word' id='word_1_646' title='bbox 780 5099 887 5164; x_wconf 85' lang='lat' dir='ltr'><strong>relicto</strong></span> <span class='ocrx_word' id='word_1_647' title='bbox 916 5099 1041 5163; x_wconf 89' lang='lat' dir='ltr'><strong>semine.</strong></span> <span class='ocrx_word' id='word_1_648' title='bbox 1091 5100 1141 5162; x_wconf 88' lang='grc'><strong>21.</strong></span> <span class='ocrx_word' id='word_1_649' title='bbox 1164 5097 1206 5163; x_wconf 86' lang='lat' dir='ltr'><strong>Et</strong></span> <span class='ocrx_word' id='word_1_650' title='bbox 1234 5100 1386 5164; x_wconf 88' lang='lat' dir='ltr'><strong>secundus</strong></span> <span class='ocrx_word' id='word_1_651' title='bbox 1413 5103 1530 5189; x_wconf 86' lang='lat' dir='ltr'><strong>occepit</strong></span> <span class='ocrx_word' id='word_1_652' title='bbox 1568 5124 1636 5167; x_wconf 87' lang='lat' dir='ltr'><strong>eam</strong></span> <span class='ocrx_word' id='word_1_653' title='bbox 1678 5113 1709 5166; x_wconf 91' lang='lat' dir='ltr'><strong>et</strong></span> <span class='ocrx_word' id='word_1_654' title='bbox 1737 5113 1877 5167; x_wconf 89' lang='lat' dir='ltr'><strong>mortuus</strong></span> <span class='ocrx_word' id='word_1_655' title='bbox 1906 5115 1951 5168; x_wconf 88' lang='lat' dir='ltr'><strong>est</strong></span> <span class='ocrx_word' id='word_1_656' title='bbox 1980 5114 2010 5167; x_wconf 89' lang='lat' dir='ltr'><strong>et</strong></span> <span class='ocrx_word' id='word_1_657' title='bbox 2040 5125 2096 5168; x_wconf 91' lang='lat' dir='ltr'><strong>nec</strong></span> <span class='ocrx_word' id='word_1_658' title='bbox 2122 5104 2178 5167; x_wconf 85' lang='lat' dir='ltr'><strong>iste</strong></span> 
     </span>
    </p>
   </div>
   <div class='ocr_carea' id='block_1_23' title="bbox 254 5249 2182 5423">
    <p class='ocr_par' dir='ltr' id='par_1_23' title="bbox 254 5249 2182 5423">
     <span class='ocr_line' id='line_1_44' title="bbox 261 5249 2182 5315; baseline 0.001 -11"><span class='ocrx_word' id='word_1_659' title='bbox 261 5258 361 5306; x_wconf 81' lang='lat' dir='ltr'><strong>torieort</strong></span> <span class='ocrx_word' id='word_1_660' title='bbox 405 5255 457 5305; x_wconf 75' lang='lat' dir='ltr'><strong>’tart</strong></span> <span class='ocrx_word' id='word_1_661' title='bbox 475 5253 520 5302; x_wconf 86' lang='lat' dir='ltr'><strong>sed</strong></span> <span class='ocrx_word' id='word_1_662' title='bbox 554 5250 570 5312; x_wconf 70' lang='grc' dir='ltr'><strong><em>Ἰ</em></strong></span> <span class='ocrx_word' id='word_1_663' title='bbox 609 5252 644 5302; x_wconf 76' lang='lat' dir='ltr'><strong>&#39;da</strong></span> <span class='ocrx_word' id='word_1_664' title='bbox 663 5251 740 5302; x_wconf 68' lang='grc' dir='ltr'><strong>’δῖνοι</strong></span> <span class='ocrx_word' id='word_1_665' title='bbox 796 5254 869 5314; x_wconf 81' lang='lat' dir='ltr'><strong>giliee</strong></span> <span class='ocrx_word' id='word_1_666' title='bbox 1049 5249 1066 5311; x_wconf 68' lang='grc' dir='ltr'><strong><em>Ἰ</em></strong></span> <span class='ocrx_word' id='word_1_667' title='bbox 1139 5254 1229 5315; x_wconf 76' lang='lat' dir='ltr'><strong>onlong</strong></span> <span class='ocrx_word' id='word_1_668' title='bbox 1298 5253 1333 5303; x_wconf 76' lang='grc' dir='ltr'><strong>’6ο</strong></span> <span class='ocrx_word' id='word_1_669' title='bbox 1350 5255 1398 5302; x_wconf 86' lang='lat' dir='ltr'><strong>iica</strong></span> <span class='ocrx_word' id='word_1_670' title='bbox 1449 5255 1522 5315; x_wconf 77' lang='lat' dir='ltr'><strong>gilisa</strong></span> <span class='ocrx_word' id='word_1_671' title='bbox 1584 5255 1728 5304; x_wconf 77' lang='lat' dir='ltr'><strong>&#39;doeiotnne</strong></span> <span class='ocrx_word' id='word_1_672' title='bbox 1762 5252 1777 5313; x_wconf 71' lang='grc' dir='ltr'><strong><em>Ἰ</em></strong></span> <span class='ocrx_word' id='word_1_673' title='bbox 1815 5269 1846 5304; x_wconf 89' lang='lat' dir='ltr'><strong>no</strong></span> <span class='ocrx_word' id='word_1_674' title='bbox 1881 5255 2182 5306; x_wconf 77' lang='lat' dir='ltr'><strong>sorleortuninelaidnu</strong></span> 
     </span>
     <span class='ocr_line' id='line_1_45' title="bbox 254 5331 2118 5423; baseline -0.002 -21"><span class='ocrx_word' id='word_1_675' title='bbox 254 5335 377 5423; x_wconf 88' lang='lat' dir='ltr'><strong>reliquit</strong></span> <span class='ocrx_word' id='word_1_676' title='bbox 408 5355 512 5399; x_wconf 88' lang='lat' dir='ltr'><strong>semen</strong></span> <span class='ocrx_word' id='word_1_677' title='bbox 544 5343 575 5398; x_wconf 90' lang='lat' dir='ltr'><strong>et</strong></span> <span class='ocrx_word' id='word_1_678' title='bbox 616 5331 724 5396; x_wconf 87' lang='lat' dir='ltr'><strong>tertius</strong></span> <span class='ocrx_word' id='word_1_679' title='bbox 765 5331 912 5396; x_wconf 90' lang='lat' dir='ltr'><strong>similiter.</strong></span> <span class='ocrx_word' id='word_1_680' title='bbox 955 5333 1004 5397; x_wconf 83' lang='grc'><strong>22.</strong></span> <span class='ocrx_word' id='word_1_681' title='bbox 1027 5331 1068 5396; x_wconf 80' lang='lat' dir='ltr'><strong>Et</strong></span> <span class='ocrx_word' id='word_1_682' title='bbox 1087 5343 1270 5420; x_wconf 87' lang='lat' dir='ltr'><strong>acceperunt</strong></span> <span class='ocrx_word' id='word_1_683' title='bbox 1310 5355 1376 5397; x_wconf 89' lang='lat' dir='ltr'><strong>eam</strong></span> <span class='ocrx_word' id='word_1_684' title='bbox 1409 5333 1549 5398; x_wconf 87' lang='lat' dir='ltr'><strong>similiter</strong></span> <span class='ocrx_word' id='word_1_685' title='bbox 1589 5342 1705 5420; x_wconf 88' lang='lat' dir='ltr'><strong>septem</strong></span> <span class='ocrx_word' id='word_1_686' title='bbox 1748 5347 1778 5400; x_wconf 90' lang='lat' dir='ltr'><strong>et</strong></span> <span class='ocrx_word' id='word_1_687' title='bbox 1800 5357 1861 5400; x_wconf 92' lang='lat' dir='ltr'><strong>non</strong></span> <span class='ocrx_word' id='word_1_688' title='bbox 1928 5335 2118 5423; x_wconf 88' lang='lat' dir='ltr'><strong>reliquerunt</strong></span> 
     </span>
    </p>
   </div>
   <div class='ocr_carea' id='block_1_24' title="bbox 1273 5502 1281 5544">
    <p class='ocr_par' dir='ltr' id='par_1_24' title="bbox 1273 5502 1281 5544">
     <span class='ocr_line' id='line_1_46' title="bbox 1273 5502 1281 5544; baseline 0 0"><span class='ocrx_word' id='word_1_689' title='bbox 1273 5502 1281 5544; x_wconf 86' lang='lat' dir='ltr'><strong>i</strong></span> 
     </span>
    </p>
   </div>
   <div class='ocr_carea' id='block_1_25' title="bbox 0 0 2510 6304">
    <p class='ocr_par' dir='ltr' id='par_1_25' title="bbox 0 0 2510 6304">
     <span class='ocr_line' id='line_1_47' title="bbox 0 0 2510 6304; baseline 0 0"><span class='ocrx_word' id='word_1_690' title='bbox 0 0 2510 6304; x_wconf 95' lang='lat' dir='ltr'><strong> </strong></span> 
     </span>
    </p>
   </div>
  </div>
 </body>
</html>
