4980 6304
1112 415 1335 489 ..5.-

488 607 534 665 asi
655 615 696 662 lita
772 613 819 664 ’tas
853 627 969 676 mercong
1003 615 1073 664 aloes
1108 615 1213 680 godspei
1249 616 1283 667 'ds
1320 630 1352 665 on
1388 615 1480 666 tussim
1517 615 1587 676 hyras
1624 627 1656 662 on
1691 613 1787 662 inesses
1823 614 1868 663 dai

234 691 298 781 [iol.
323 692 405 782 lna]
428 693 607 761 Secundum
626 691 734 758 Lucan

233 825 379 892 ieiunium
399 826 443 891 effi
462 824 612 891 Iohannis
630 824 779 913 baptistae
816 824 906 889 dnica
921 824 992 890 ·ΠΙ·
1007 825 1046 890 de
1064 825 1230 892 aduentum
1251 827 1319 911 (sie)
1355 826 1388 889 in
1410 832 1463 890 nit
1483 812 1529 890 sol
1546 824 1696 891 Iohannis
1716 826 1777 912 hep
1809 826 1841 888 in
1856 824 1957 890 natale
1972 825 2024 889 dni
2046 826 2145 907 (cast.)

900 1005 1070 1074 INCIPIT
1100 1007 1358 1074 PRAEFATIO
1385 1006 1546 1075 LUOAE.

569 1147 638 1196 lucas
669 1145 807 1208 besyrisea
835 1144 1092 1206 ’tnrsbnrgei’tasrs
1105 1146 1316 1206 semustostring
1350 1144 1500 1196 mibsrsits
1558 1144 1609 1195 lica
1664 1146 2054 1211 discipulilarcnohtimstring
2090 1144 2152 1195 ’tera

361 1222 787 1316 [f01.130.]LucsSyrus
975 1224 1202 1290 anthiocensise
1393 1233 1459 1290 arte
1511 1224 1648 1290 medicus
1783 1223 1949 1312 discipulus
2088 1245 2159 1311 apo-

252 1365 363 1430 postolrs
398 1355 447 1414 aii
461 1363 514 1414 bon
533 1361 864 1427 'tonspaulsi’tampsuls
890 1362 1134 1424 gssohtetgsiytgds
1177 1361 1231 1411 wib
1374 1361 1504 1411 ondetnise
1592 1361 1630 1409 his
1697 1362 1771 1410 harde
1812 1361 1909 1413 drihtns
1943 1365 2004 1412 buta
2034 1363 2159 1426 hshsynne

235 1444 385 1511 stolorum
403 1453 509 1532 postea
652 1442 786 1508 Paulum
938 1451 1058 1506 secutus
1152 1441 1309 1527 usquead
1328 1440 1550 1505 mnfessionem
1571 1440 1636 1504 eius
1656 1441 1793 1506 seruiens
1826 1440 1888 1506 diro
1939 1441 2005 1506 sine
2022 1441 2157 1506 crimine.
2200 1443 2220 1506 5

245 1569 313 1630 I'ton
365 1593 397 1631 ns
471 1577 561 1656 'linis
644 1581 702 1629 retra
793 1579 872 1628 balde
940 1591 972 1628 us
1040 1591 1103 1628 suno
1138 1577 1347 1639 hundssoisontig
1390 1579 1478 1627 winus
1520 1578 1643 1641 galiorads
1674 1581 1702 1627 in
1727 1578 1875 1628 bithiniiin
1890 1578 1941 1628 ’ter
1955 1579 2026 1641 byrig
2092 1579 2137 1628 iuli

236 1682 308 1724 nam
328 1680 429 1746 neque
449 1679 579 1724 uxorem
602 1681 749 1745 umquam
771 1657 888 1722 habens
909 1677 1010 1744 neque
1029 1657 1110 1723 filios
1147 1656 1330 1722 ·LXXIIII·
1350 1679 1503 1723 annorum
1544 1658 1619 1724 obiit
1676 1659 1707 1722 in
1799 1657 1930 1723 bithinia
2051 1657 2160 1745 plenus

237 1798 265 1846 oi
279 1797 345 1858 halig
380 1800 436 1858 gast
470 1796 533 1846 ss’ts
567 1794 664 1857 mitty
700 1799 728 1846 itt
744 1796 756 1844 1
773 1810 817 1857 sss
870 1795 989 1844 awrittna
1043 1808 1163 1856 ‚wosron
1226 1793 1262 1843 ’ts
1276 1794 1405 1858 godspsiis
1442 1793 1505 1844 'berh
1557 1796 1657 1844 mathei
1724 1809 1758 1844 es
1774 1793 1823 1845 sib
1862 1808 1895 1844 ou
1963 1794 2037 1842 iudea
2099 1795 2162 1844 ’terh

266 1881 323 1963 spu
380 1883 442 1941 sito.
468 1875 520 1962 qui
580 1897 650 1938 cum
723 1875 784 1938 iam
874 1875 987 1938 scribta
1053 1883 1155 1940 essent
1230 1874 1393 1960 euangelia
1439 1896 1496 1961 per
1515 1873 1687 1938 Mattheum
1708 1875 1832 1960 quidem
1861 1875 1893 1938 in
1924 1873 2053 1938 Iudeam
2094 1895 2150 1961 per

279 2013 349 2064 mare
425 2013 480 2064 boii
524 2025 557 2062 on
583 2011 830 2074 sativi-’seaeant
846 2011 918 2074 balga
943 2010 1209 2061 instihtadaidihtads
1233 2017 1301 2073 gasto
1331 2013 1344 2058 1
1372 2009 1425 2060 ’ter
1444 2009 1525 2060 tetdo
1599 2011 1658 2060 dslu
1731 2012 1774 2062 'tta
1839 2017 1909 2060 aurat
2016 2010 2129 2075 godepert

237 2092 377 2158 Marcum
399 2101 500 2158 autem
522 2093 554 2156 in
635 2091 726 2156 Italia
849 2097 901 2155 sio
991 2091 1156 2178 instigante
1238 2095 1296 2176 spu
1319 2090 1351 2152 in
1372 2089 1512 2154 Achaiae
1551 2091 1690 2176 partibus
1724 2091 1785 2156 boc
1817 2091 1939 2156 scribsit
1966 2091 2162 2178 euangelium

263 2238 406 2300 gemsrcads
490 2241 519 2288 iit
587 2238 617 2286 hs
665 2250 699 2287 on
755 2227 841 2286 inesrd
911 2252 944 2286 arr
978 2238 1057 2288 chero
1093 2251 1183 2287 noers·
1207 2237 1365 2286 serittsnoi
1408 2241 1433 2284 to
1453 2233 1518 2284 bam
1536 2241 1563 2284 to
1581 2239 1648 2304 huon
1691 2238 1752 2286 buta
1787 2237 1823 2286 'ts
1867 2236 1938 2286 habe
1984 2235 2161 2286 endebredniss

240 2318 418 2404 significans
460 2318 552 2383 etiam
572 2317 639 2404 ipse
669 2316 701 2379 in
722 2315 872 2404 principio
893 2326 965 2380 ante
992 2316 1053 2380 alia
1102 2338 1169 2382 esse
1214 2315 1365 2380 describta
1407 2359 1415 2375 .
1492 2315 1541 2378 cui
1682 2326 1770 2380 extra
1793 2339 1830 2382 ea
1865 2336 1945 2403 quae
2048 2315 2124 2381 ordo

240 2455 293 2505 ’tas
310 2455 463 2520 godspsllics
529 2455 665 2518 gassmim
734 2453 861 2504 toscesdss
906 2453 941 2504 ’ts
998 2457 1093 2502 mssstu
1180 2451 1291 2502 nidhart
1340 2465 1445 2502 woarcss
1462 2454 1473 2500 1
1492 2453 1545 2504 'tes
1565 2467 1666 2516 wynnss
1705 2469 1760 2504 was
1797 2452 1849 2530 ‘lite
1908 2461 1979 2504 aerest
2028 2456 2161 2502 creeiscum

253 2535 451 2622 euangelicae
492 2532 698 2622 dispositionis
728 2533 865 2620 exposcit
902 2555 940 2598 ea
977 2533 1112 2596 maxime
1149 2531 1312 2598 necessitas
1443 2531 1558 2598 lsbon's
1703 2533 1760 2598 suit
1800 2543 1835 2598 ut
1868 2534 2001 2620 primum
2029 2531 2158 2599 Graecis
2188 2533 2226 2596 10

239 2671 306 2722 ’sam
323 2672 446 2733 scledum
489 2671 547 2721 mih
563 2670 705 2733 eghuoelsu
781 2670 890 2732 witgong
979 2669 1152 2731 tocymmsndo
1187 2673 1215 2719 in
1248 2671 1354 2719 liohoms
1389 2669 1465 2732 godes
1500 2660 1563 2720 cris't‘
1617 2685 1711 2720 noeros
1765 2667 2041 2730 ’tiomenniseniseisici
2067 2666 2118 2744 pte
2135 2681 2167 2718 ns

280 2750 421 2816 fidelibus
565 2749 649 2815 omni
725 2749 959 2836 prophetatione
1002 2751 1123 2814 uenturi
1184 2751 1216 2814 in
1239 2772 1362 2815 carnem
1405 2739 1441 2814 di
1495 2750 1560 2836 xpi
1586 2752 1748 2817 manifesta
1790 2751 1961 2816 humanitas
2097 2770 2137 2812 ne

254 2923 368 2973 iudaiseu
412 2937 498 2986 sagum
533 2923 575 2972 his
595 2929 621 2971 to
639 2869 807 2988 behiaidirnns
824 2936 903 2972 noers
937 2923 965 2971 in
1011 2937 1042 2972 an
1106 2937 1148 2972 aes
1235 2923 1301 2972 silio
1401 2924 1521 2974 tohaidon
1571 2923 1623 3001 *pte
1639 2939 1672 2975 ns
1707 2926 1797 2974 iias
1837 2924 1951 2973 tosliterit
2011 2935 2096 2984 sagum
2141 2917 2157 2980 Ἰ

240 3001 374 3066 Iudaicis
395 3001 507 3067 fabulis
661 2999 787 3065 adtendi
934 3002 965 3066 in
995 3003 1061 3067 solo
1089 3003 1167 3090 legis
1194 3002 1345 3067 desiderio
1373 3011 1551 3069 tenerentur
1606 3027 1647 3070 ne
1726 3005 1775 3068 uel
1823 3002 1964 3068 hereticis
1991 3001 2101 3067 fabulis
2136 3014 2166 3066 et

241 3140 374 3189 anstsliau
461 3141 575 3201 somniat
670 3137 995 3199 besuicoauoigemerredo
1065 3141 1168 3190 ioerdon
1225 3143 1261 3188 iro
1297 3140 1454 3191 sobisstnIss
1488 3139 1540 3218 pte
1557 3143 1695 3193 miswunns
1731 3134 1777 3192 eii
1787 3142 1842 3192 'bon
1877 3139 1928 3218 pte
1964 3155 1996 3190 on
2055 3143 2134 3190 huma

259 3218 358 3284 stultis
389 3217 646 3284 sollicitudinibus
770 3217 887 3283 seducti
1009 3220 1194 3285 excederent
1232 3243 1250 3283 a
1309 3221 1437 3285 ueritate
1505 3220 1679 3286 elaboraret
1731 3221 1842 3286 dehinc
1890 3231 1924 3283 ut
1965 3220 1997 3283 in
2017 3219 2166 3308 principio

241 3394 381 3457 godspslles
470 3392 514 3442 ioh
586 3392 644 3442 mis
662 3392 791 3442 scesnniss
826 3381 850 3442 lo
870 3392 1035 3455 ondiengcai
1068 3400 1094 3444 to
1114 3328 1179 3444 ’iim
1231 3395 1345 3458 godepeii
1438 3397 1521 3446 aurite
1598 3393 1614 3454 Ὶ
1669 3408 1701 3442 on
1739 3394 1805 3444 bem
1840 3408 1867 3444 ss
1885 3407 2001 3454 geoorens
2055 3396 2139 3443 sente

242 3473 395 3560 euangelii
415 3472 565 3538 Iohannis
607 3471 764 3536 natiuitate
844 3483 1019 3559 praesumta
1099 3475 1148 3538 cui
1190 3474 1385 3560 euangelium
1407 3475 1544 3540 scribens
1586 3487 1617 3540 et
1664 3475 1696 3539 in
1739 3497 1800 3561 quo
1867 3474 1980 3538 electus
2020 3473 2166 3537 scriberet

241 3577 311 3711 ipat:
379 3651 446 3698 tahts
502 3647 617 3711 gorytus
634 3647 646 3694 1
662 3643 803 3709 μιιῐιιιοᾱο
841 3643 857 3705 Ὶ
897 3648 923 3696 in
968 3648 1019 3697 him
1071 3647 1194 3709 geislisdo
1237 3593 1320 3715 trareon
1338 3647 1410 3699 'osis
1456 3663 1536 3698 weron
1573 3651 1608 3698 iro
1649 3648 1712 3699 obre
1754 3647 1863 3710 ongindo
1899 3647 1965 3696 sem
2005 3635 2072 3696 ἴδοι
2116 3635 2163 3694 aii

263 3739 294 3792 ct
331 3727 480 3793 indicaret
562 3737 735 3793 contestans
834 3735 864 3790 et
894 3727 925 3790 iu
973 3749 1006 3792 se
1049 3728 1201 3814 completa
1229 3750 1294 3793 esse
1330 3751 1408 3814 quae
1434 3739 1536 3794 essent
1565 3729 1605 3792 ab
1640 3729 1708 3792 aliis
1739 3729 1868 3792 incoata
1898 3726 1946 3792 oui
1997 3726 2066 3791 ideo
2098 3733 2167 3813 post
2189 3726 2227 3790 15

285 3865 397 3916 tuleihti
449 3877 516 3914 sunu
552 3864 629 3926 godes
663 3866 699 3914 tro
783 3864 884 3925 endung
988 3879 1116 3916 cusursses
1179 3879 1212 3914 on
1260 3867 1320 3913 crist
1376 3866 1483 3927 gsfylhd
1542 3867 1630 3928 gssoht
1647 3879 1709 3914 sero
1750 3866 1786 3913 iro
1848 3866 1930 3914 fruma
2023 3864 2150 3913 manniae

243 3944 430 4032 baptismum
454 3943 511 4008 filii
576 3932 613 4008 di
670 3967 689 4008 a
723 3944 918 4032 perfechone
937 3946 1145 4031 generationis
1180 3945 1213 4008 in
1249 3943 1322 4029 Xpo
1361 3945 1494 4030 impleta
1535 3945 1719 4032 repetendae
1757 3967 1775 4008 a
1816 3945 1967 4032 principio
2004 3943 2168 4008 natiuitatis

246 4083 299 4132 nas
316 4086 456 4132 mennisces
510 4079 557 4130 ’tro
575 4079 648 4129 maht
682 4081 843 4142 berhgslsisd
877 4097 932 4133 aras
967 4082 1019 4160 *fta
1061 4082 1127 4134 ³tarra
1147 4083 1271 4132 succendit
1362 4083 1471 4146 gaesudo
1539 4085 1566 4130 in
1594 4081 1660 4133 bam
1738 4084 1853 4144 oigsnom
2110 4093 2163 4127 waes

275 4163 428 4227 humanae
510 4170 643 4248 potestas
683 4160 834 4248 permissa
879 4173 925 4228 est
975 4173 1008 4228 ut
1046 4162 1272 4249 requirentibus
1293 4162 1518 4228 demonstraret
1537 4164 1569 4225 in
1598 4184 1659 4248 quo
1681 4159 1976 4250 &prehendensffol
1998 4159 2085 4248 130b]
2104 4169 2170 4223 erat

416 4311 483 4348 sunu
544 4299 625 4360 iunge
673 4295 862 4348 tutamentis
889 4303 915 4350 tn
943 4300 992 4362 god
1064 4313 1181 4349 ensoreso
1248 4299 1412 4349 tosendsito
1456 4303 1481 4350 in
1703 4299 1781 4362 godes
1834 4299 1932 4348 bouada
1985 4302 2010 4349 in
2061 4313 2163 4348 mounes

246 4379 382 4444 Natham
401 4378 501 4444 filium
521 4377 649 4442 introire
691 4377 841 4442 currentis
881 4379 915 4441 in
936 4379 988 4442 dn
1008 4379 1214 4465 generationis
1264 4378 1397 4443 admisso
1460 4379 1685 4469 indisparabilis
1730 4369 1765 4444 di
1804 4380 1964 4467 predicans
1985 4380 2016 4443 in
2038 4379 2170 4445 hominis

246 4567 348 4615 gocerre
387 4553 413 4601 ln
449 4553 501 4601 him
538 4551 601 4601 berh
647 4564 715 4599 sunu
781 4549 845 4610 dyas
898 4550 960 4600 sete
1002 4551 1065 4601 'terh
1095 4551 1176 4601 daui't
1215 4549 1283 4600 tone
1301 4551 1375 4601 tader
1434 4553 1556 4615 armentu
1612 4553 1754 4616 getrahtsde
1771 4554 1783 4600 1
1800 4485 1913 4602 tancradi
1950 4557 1975 4601 in
2016 4553 2075 4602 crist
2109 4552 2174 4601 ’tem

246 4631 348 4698 redire
381 4631 413 4694 in
460 4651 495 4695 se
542 4651 598 4718 per
625 4629 724 4694 filium
752 4630 867 4714 faceret
901 4631 954 4717 qui
1001 4653 1058 4717 per
1080 4628 1183 4695 Dauid
1235 4641 1354 4719 patrem
1395 4635 1588 4699 usulentibus
1649 4632 1869 4720 interpretabat
1947 4633 1979 4695 in
2007 4631 2090 4718 Xpo.
2118 4631 2166 4694 cui

279 4771 321 4820 iiic
347 4784 378 4820 ns
395 4771 418 4818 is
469 4782 571 4830 uncynn
632 4783 677 4831 gae
755 4769 823 4818 ’tera
840 4768 933 4816 writtra
1024 4768 1161 4829 apostoliea
1242 4770 1344 4818 wandra
1412 4772 1486 4820 msht
1543 4772 1570 4818 in
1615 4770 1705 4832 rynsi
1746 4769 1794 4819 bib
1813 4769 1866 4817 said
1892 4767 1944 4844 itte
1972 4771 2035 4832 gods
2065 4783 2096 4819 on
2128 4769 2176 4831 god

247 4848 340 4914 Lucra
356 4871 419 4915 non
436 4848 578 4915 inmerito
597 4849 688 4914 etiam
709 4849 943 4914 scribendorum
962 4847 1202 4935 apostolicorum
1223 4859 1346 4914 actuum
1372 4860 1505 4936 potestas
1533 4850 1565 4914 in
1586 4849 1722 4914 misterio
1755 4849 1845 4913 datur
1894 4859 1928 4912 ut
1980 4850 2021 4914 do
2059 4851 2090 4912 in
2120 4849 2172 4914 dria
2194 4848 2236 4911 20

270 4985 318 5033 tull
368 4980 384 5042 Ἰ
422 4998 484 5034 suns
553 4985 644 5035 salonit
708 4984 846 5046 gedrysnad
864 4987 876 5034 1
893 4985 1005 5049 geendsd
1058 4986 1136 5048 gsbsd
1196 4989 1311 5051 apostoli
1346 4989 1476 5051 gswordns
1511 4987 1567 5038 mi’d
1586 4986 1646 5037 blod
1683 4987 1792 5036 drihtnes
1845 5001 1976 5048 gecoranes
2072 4989 2107 5036 tsi

247 5064 340 5153 pleno
363 5073 393 5128 et
419 5064 484 5130 filio
504 5063 688 5153 proditionis
785 5066 919 5132 extincto
1024 5067 1162 5132 oratione
1183 5067 1328 5154 apostolis
1369 5068 1450 5131 facta
1536 5077 1618 5133 sorta
1706 5066 1759 5130 dni
1835 5065 1991 5131 electionis
2029 5087 2174 5131 numerus

311 5209 329 5250 1.
349 5208 369 5249 t.
382 5208 396 5250 Ι.
411 5207 502 5250 natione
516 5209 721 5255 ¹inliteratis-l.
735 5212 765 5255 asi
778 5214 996 5257 consumationem.
1022 5217 1041 5257 ti.
1058 5217 1073 5258 1.
1089 5216 1203 5270 bithynia.
1228 5217 1275 5260 tl.
1290 5216 1382 5259 Iudaea.
1405 5215 1596 5260 hsrribstals.
1625 5215 1657 5257 11.
1670 5216 1685 5257 1.
1700 5216 1919 5270 gelasianum-i.
1933 5217 2076 5260 manifestata
2092 5216 2236 5260 humaeItate.

348 5273 380 5315 11.
394 5275 410 5318 1.
426 5275 515 5318 attenti.
539 5274 570 5317 13.
585 5277 819 5322 isoiiieitationibua.
833 5281 971 5324 canderent.
996 5282 1029 5324 11.
1044 5283 1059 5325 Ι.
1073 5281 1216 5338 coangelum
1231 5282 1348 5325 scriberet.
1374 5283 1405 5325 16.
1419 5284 1433 5324 i.
1447 5281 1593 5336 periculose.
1621 5281 1652 5322 i'i.
1666 5283 1780 5336 geeaude
1795 5283 1839 5328 tis.
1853 5282 1905 5324 -Ι,
1919 5282 2098 5337 apprehendens.
2123 5281 2154 5323 18.
2168 5282 2183 5323 i.
2197 5293 2237 5335 per

348 5339 435 5384 sanan
455 5341 523 5384 titium
542 5343 615 5385 Dauid
635 5343 727 5386 introitu
748 5347 893 5390 temnentis.
914 5348 937 5390 in
956 5347 1090 5392 tontnttua
1120 5349 1152 5392 ts.
1171 5347 1282 5392 Christum
1301 5359 1365 5392 auum
1383 5348 1478 5402 perlecti
1495 5358 1551 5402 opus
1569 5348 1665 5392 bominis
1685 5347 1768 5391 redite.
1791 5349 1833 5391 iter
1851 5348 1981 5403 praebebat.
2016 5347 2047 5390 21.
2067 5347 2081 5390 t.
2102 5346 2235 5400 perditionis

349 5406 378 5448 ab
391 5407 506 5460 apostolis.
520 5417 626 5451 numerus
639 5409 796 5463 conpleretur.
