4980 6304
1103 265 1347 345 ..35..

235 465 313 516 evah
347 465 446 515 tobim
481 464 515 515 'ta
532 465 581 514 hei
615 466 677 520 ahua
695 481 726 516 na
794 481 883 528 magau
923 481 989 517 sunu
1220 469 1256 520 ’ta
1273 471 1352 520 hwils'
1382 469 1415 520 hs
1433 468 1569 530 hrudgoma
1608 466 1664 516 mih
1700 468 1751 514 him
1795 468 1817 514 is
1865 465 1982 514 fastands
2017 479 2067 514 aaa
2084 466 2156 526 longe

255 543 298 608 ait
364 543 424 608 illis
480 543 568 610 Iesus
597 545 746 632 numquid
773 556 901 634 possunt
927 547 983 610 filii
1003 548 1179 634 nuptiarum
1207 549 1352 634 quamdiu
1403 570 1533 635 sponsus
1595 569 1665 610 cum
1691 546 1751 609 illis
1779 555 1825 610 est
1843 545 2001 609 ieiunare?
2032 555 2146 631 quanto
2253 623 2261 638 .

275 683 328 732 tide
409 685 502 732 habhas
558 686 616 735 mih
651 684 719 735 hone
736 685 874 746 hrydgnma
906 699 937 734 us
990 698 1080 746 magun
1158 687 1227 734 rasta
1413 685 1506 736 cums’t
1561 685 1646 734 houna
1701 683 1774 744 dagos
1826 681 1921 743 mi’hby
1973 683 2089 742 giuumen
2107 681 2156 730 bib

232 769 369 848 tempore
390 763 505 826 habeut
524 784 628 827 seeum
680 785 826 850 sponsum
877 786 940 828 uon
961 774 1089 851 possunt
1111 764 1255 829 ieiunare.
1299 766 1350 830 20.
1373 765 1508 832 Ueuieut
1546 775 1648 828 autem
1701 764 1765 829 dies
1837 784 1907 826 cum
1977 761 2133 826 auferetur

234 901 296 948 trom
330 901 382 948 him
418 898 452 949 hs
471 900 608 962 hrydguma
641 896 656 958 Ἰ
703 899 739 949 {a
795 901 837 950 hia
854 902 935 949 fastai
973 902 1000 948 in
1038 899 1104 950 ham
1142 901 1231 964 degum
1361 903 1442 963 naenig
1459 901 1553 951 iorhon
1818 899 1910 947 niowes
1944 899 2035 960 ilyhtes
2069 900 2156 948 siowes

243 978 282 1041 ab
335 978 378 1043 eis
449 1000 578 1064 sponsus
631 989 660 1043 ct
680 988 754 1042 truc
774 979 951 1044 ieiunabunt
972 980 1003 1044 in
1042 980 1104 1044 illis
1131 979 1248 1046 diebus.
1290 981 1340 1046 21.
1410 979 1512 1046 Nemo
1584 989 1791 1044 assumentum
1822 977 1908 1042 rudis
1938 979 2032 1064 panni
2062 981 2155 1043 assuit

232 1111 327 1175 giwado
345 1114 358 1162 l
374 1114 483 1176 gigeraln
531 1113 590 1164 alda
624 1115 706 1165 o’boru
725 1114 788 1178 ’δίης
823 1119 886 1166 irum
904 1116 993 1167 nimuh
1086 1118 1190 1178 iriniaae
1297 1119 1378 1167 nicus
1412 1119 1477 1167 from
1510 1116 1587 1165 aidun
1626 1114 1642 1176 Ἰ
1685 1130 1752 1164 mars
1785 1115 1926 1163 toaiitnasss
1960 1114 2009 1164 bih
2129 1112 2145 1175 Ἰ

274 1192 456 1259 uestimento
508 1193 603 1259 ueteri
635 1193 772 1280 alioquin
854 1196 954 1260 aufert
1013 1197 1260 1284 supplementum
1281 1219 1396 1262 nouum
1434 1220 1453 1260 a
1499 1196 1596 1262 ueteri
1617 1206 1647 1258 et
1666 1194 1765 1257 maior
1783 1194 1913 1259 scissura
1953 1194 1996 1255 fit.
2041 1193 2091 1257 22.
2115 1193 2155 1258 Et

233 1331 374 1390 aenigmon
407 1329 504 1380 ssnds’h
552 1333 601 1380 wir
669 1331 749 1379 niowa
783 1333 809 1380 in
844 1334 944 1394 hyttum
999 1335 1084 1384 aidum
1126 1349 1193 1384 mara
1210 1349 1281 1384 worn
1322 1341 1347 1386 to
1364 1334 1442 1385 slite'b
1478 1333 1530 1384 ’hat
1547 1336 1596 1381 vin
1631 1331 1667 1382 'ta
1684 1335 1752 1393 hytta
1786 1329 1802 1392 Ἰ
1849 1330 1942 1407 pain
1994 1337 2081 1390 agotan
2099 1330 2147 1380 ua

256 1429 346 1472 ncmo
408 1409 499 1473 mittit
524 1409 630 1474 uinum
649 1431 766 1475 nouum
783 1410 816 1472 in
856 1422 939 1477 utres
981 1423 1100 1478 ueteres
1133 1411 1269 1500 alioquin
1301 1413 1454 1501 dirumpet
1479 1413 1586 1476 uinum
1648 1420 1730 1476 utres
1778 1419 1808 1474 et
1838 1412 1944 1475 uinum
1980 1409 2154 1474 effundetur
2195 1411 2215 1476 5

241 1542 257 1604 Ἰ
295 1544 342 1595 ’hio
358 1548 427 1608 bytts
487 1548 557 1597 iossd
627 1547 658 1596 ah
693 1547 745 1598 ’tat
762 1549 812 1597 viu
854 1551 934 1600 ainwa
984 1553 1011 1599 in
1045 1552 1142 1613 hyttum
1185 1553 1265 1600 uiowe
1306 1551 1395 1600 sandes
1429 1549 1451 1597 is
1469 1549 1555 1597 ruhilia
1704 1546 1720 1606 Ἰ
1757 1547 1882 1608 giwordan
1925 1561 1980 1595 was
2016 1548 2078 1596 aiter
2095 1560 2156 1598 sona

233 1634 264 1688 et
315 1635 397 1689 utres
447 1625 591 1711 peribunt
617 1626 672 1692 sed
699 1627 805 1691 uinum
835 1650 951 1692 nouum
976 1629 1009 1693 in
1051 1638 1133 1696 utres
1171 1652 1268 1695 nouos
1307 1629 1384 1693 mitti
1439 1626 1538 1693 debet.
1607 1627 1658 1691 23.
1686 1625 1726 1690 Et
1757 1626 1872 1691 factum
1925 1637 1971 1690 est
2020 1627 2132 1691 iterum

233 1759 328 1822 mihiiy
361 1774 442 1810 sunna
460 1762 526 1825 dags
618 1765 677 1814 sodo
788 1765 824 1816 ’60
841 1764 889 1812 hai
938 1764 1001 1814 harh
1128 1763 1144 1826 Ἰ
1216 1766 1312 1828 baguas
1377 1767 1416 1814 his
1477 1777 1613 1825 ougunnun
1655 1763 1806 1826 ior'bgonga
1848 1762 1864 1824 Ἰ
2098 1823 2101 1830 Ι

243 1861 312 1904 eum
374 1842 507 1906 sabbatis
558 1842 731 1908 ambularet
761 1843 902 1910 dominus
940 1866 998 1932 per
1028 1853 1093 1909 sata
1125 1855 1155 1909 ct
1192 1844 1332 1932 discipuli
1364 1845 1429 1909 eius
1460 1852 1628 1931 coeperunt
1658 1841 1807 1930 progredi
1838 1853 1869 1908 ct
1899 1842 2016 1911 uellere
2045 1845 2152 1931 spicas.

330 1977 366 2028 ’ta
384 1979 443 2028 alda
494 1981 592 2030 wntudi
633 1981 736 2030 owedun
776 1982 829 2030 him
863 1983 949 2031 hsouo·
977 1982 1048 2031 hwat
1098 1981 1166 2032 doa’t
1184 1997 1214 2043 aa
1250 1983 1448 2044 ousunnsdags
1484 1981 1561 2032 hatte
1604 1983 1643 2030 nis
1687 1981 1767 2029 aieiad
1895 1978 1910 2040 Ἰ
1948 1981 2026 2031 cwa’t
2060 1986 2087 2029 to
2105 1980 2156 2028 him

232 2054 280 2122 24.
309 2055 466 2123 Pharisaei
494 2069 596 2126 autern
617 2060 760 2126 dicebant
788 2062 816 2126 ci
864 2082 935 2126 ecoe
970 2060 1045 2148 quid
1093 2060 1209 2126 iaciunt
1280 2061 1413 2125 sabbatis
1476 2061 1559 2147 quod
1588 2059 1772 2125 nonlicet?
1803 2060 1852 2124 25.
1875 2058 1935 2126 Et.
1966 2060 2008 2122 ait
2074 2058 2133 2122 illis

283 2195 356 2241 neira
418 2210 448 2245 aa
464 2197 588 2247 iiomsdas
605 2198 617 2245 i
634 2212 665 2246 na
685 2198 819 2264 homaduu
858 2198 929 2248 hwat
974 2199 1038 2260 dyds
1087 2197 1169 2248 daui'h
1247 2197 1283 2248 ss
1373 2199 1537 2248 huedhihosia
1602 2198 1681 2247 haias
1714 2194 1731 2256 Ἰ
1768 2195 1931 2258 hy[n]crsnds
1967 2197 1996 2246 ha
2030 2193 2046 2256 Ἰ
2085 2195 2157 2246 ’hats

233 2292 393 2358 nunquam
557 2275 673 2364 legistis
860 2277 935 2363 quid
955 2276 1061 2342 feeerit
1080 2274 1185 2340 Dauid
1207 2275 1330 2362 quando
1351 2276 1563 2340 necessitatem
1585 2276 1691 2341 habuit
1713 2286 1743 2341 et
1803 2275 1906 2340 esuriit
1943 2277 2007 2364 ipse
2029 2286 2059 2340 et
2096 2276 2148 2362 qui

233 2407 290 2458 mih
325 2409 382 2460 hina
417 2425 501 2460 wsrun
703 2414 757 2463 hwa
864 2413 954 2463 iuaods
1014 2415 1041 2462 iu
1114 2413 1161 2462 hus
1219 2413 1295 2476 godes
1329 2413 1409 2462 under
1452 2413 1564 2462 abiathar
1648 2414 1718 2462 aldor
1819 2412 1918 2462 sacaria
2009 2411 2025 2472 Ἰ
2074 2414 2149 2464 hirtas

232 2510 302 2552 cum
337 2511 374 2555 ao
406 2490 517 2554 erant?
558 2493 608 2561 26.
639 2491 805 2571 Quomodo
836 2492 974 2558 introiuit
1010 2492 1042 2555 in
1074 2491 1200 2557 domum
1230 2492 1292 2558 Dei
1344 2492 1400 2558 sub
1428 2492 1583 2558 Abiathar
1612 2493 1752 2581 principa
1778 2491 1971 2556 sacerdotum
2005 2504 2034 2557 et
2060 2515 2155 2580 panes
2178 2495 2217 2557 10

232 2627 283 2674 iore
296 2625 456 2688 gigcorwada
536 2629 619 2689 gibrao
731 2629 767 2680 iia
809 2643 887 2679 narou
943 2629 1022 2679 aleiad
1081 2635 1107 2680 to
1126 2637 1229 2680 somnne
1264 2629 1360 2691 hymba
1394 2645 1469 2678 anum
1487 2631 1614 2679 aaosrdum
1647 2627 1663 2688 Ἰ
1715 2631 1783 2678 saido
1819 2629 1886 2679 'tam
1929 2626 1964 2677 ’da
2003 2629 2061 2679 mih
2096 2630 2154 2677 hina

232 2707 448 2792 propositionis
480 2707 676 2773 manducauit
706 2731 783 2795 quos
819 2733 883 2775 non
920 2711 1033 2775 licebat
1063 2709 1250 2775 manducare
1288 2710 1346 2774 nisi
1397 2709 1608 2774 sacerdotibus
1641 2718 1670 2774 et
1708 2709 1792 2774 dedit
1829 2709 1872 2772 cis
1913 2706 1966 2792 qui
1999 2730 2068 2770 cum
2107 2730 2144 2800 eo

232 2854 315 2890 norun
476 2840 492 2902 Ἰ
561 2845 639 2895 caah
672 2844 769 2894 tobim
857 2847 910 2909 dag
1024 2850 1064 2897 ior
1161 2853 1237 2898 monn
1301 2823 1439 2910 giuordan¹
1466 2843 1572 2905 aas]
1618 2860 1668 2896 nes
1727 2859 1785 2895 mon
1871 2846 1922 2893 iore
2000 2851 2069 2894 rasta
2088 2847 2141 2908 dag

232 2920 342 2985 eraut?
391 2922 441 2986 27.
461 2921 503 2986 Et
533 2922 654 2988 dicebat
696 2925 739 2989 eis
789 2924 950 2990 sabbatum
970 2935 1097 3014 propter
1116 2927 1273 2992 hominem
1303 2925 1417 2990 iactum
1465 2935 1511 2990 est
1545 2935 1577 2990 et
1607 2948 1670 2992 nou
1702 2926 1795 2992 homo
1826 2932 1953 3013 propter
1986 2924 2155 2990 sabbatum.

317 3058 409 3108 fortan
466 3059 561 3108 hiaiard
613 3062 635 3110 ia
679 3075 745 3112 sunu
787 3076 891 3112 mounes
965 3079 993 3114 ao
1044 3071 1069 3114 to
1088 3071 1157 3114 rasta
1175 3067 1242 3127 dags

231 3137 280 3201 28.
302 3137 412 3222 Itaque
435 3136 577 3202 dommus
598 3150 644 3204 est
670 3141 752 3206 iilius
773 3141 904 3206 hominis
926 3142 1017 3206 etiam
1077 3144 1204 3208 sabbati.

614 3274 630 3336 Ἰ
690 3279 778 3327 inaods
810 3281 953 3330 'sitarsoua
990 3283 1018 3328 iu
1069 3294 1207 3342 somnuuga
1261 3277 1277 3340 Ἰ
1314 3294 1369 3330 was
1405 3280 1452 3331 aar
1495 3293 1554 3329 mon
1622 3281 1701 3330 haido
1762 3280 1845 3329 horda
1922 3280 1996 3342 dryge
2132 3277 2149 3337 Ἰ

356 3353 433 3441 Cap.
453 3354 516 3420 ΠΙ.
546 3356 574 3420 1.
596 3355 638 3421 Et
662 3356 799 3422 iutroiuit
835 3360 947 3424 iterum
984 3361 1015 3422 in
1036 3380 1230 3446 synagogam
1253 3368 1283 3424 ct
1309 3369 1375 3424 erat
1400 3360 1443 3424 ibi
1471 3360 1565 3424 homo
1592 3360 1710 3426 habens
1736 3380 1863 3423 manum
1891 3358 2017 3420 aridam.
2067 3358 2096 3421 2.
2118 3355 2159 3420 lit

270 3490 404 3541 hiheoidun
466 3493 523 3542 hina
557 3494 596 3554 gii
611 3495 641 3543 hs
675 3495 759 3557 haigas
777 3497 856 3557 degas
893 3481 1011 3559 'gigamde
1045 3493 1072 3571 *p
1107 3496 1153 3544 hia
1170 3497 1257 3546 taldun
1274 3497 1286 3544 i
1306 3498 1436 3548 nihradun
1482 3498 1540 3546 hine
1682 3494 1697 3556 Ἰ
1743 3496 1821 3546 cwa’h
1856 3502 1881 3544 to
1898 3495 1966 3545 'tam
1983 3507 2057 3543 menn
2093 3495 2160 3542 hah·

231 3569 437 3635 obseruabant
458 3593 528 3637 eum
589 3573 615 3636 si
697 3575 829 3639 sabbatis
893 3586 1013 3640 curaret
1042 3585 1076 3639 ut
1177 3585 1356 3641 accusarent
1467 3575 1564 3640 illum.
1616 3577 1645 3639 3.
1673 3574 1714 3639 Et
1763 3576 1804 3638 ait
1906 3572 2025 3638 homini
2098 3572 2151 3637 ha·
2181 3573 2220 3636 15

238 3721 318 3772 hands
370 3723 453 3774 hunda
525 3726 601 3788 dryge
666 3729 715 3776 aris
759 3729 785 3776 iu
829 3727 942 3778 mitium
1069 3726 1084 3788 Ἰ
1122 3729 1200 3780 ewa't
1234 3735 1259 3779 to
1278 3729 1329 3779 him
1363 3730 1526 3791 gilisaieied
1561 3733 1676 3778 onraesta
1690 3729 1780 3790 dagam
1815 3731 1861 3776 wei
1908 3741 1987 3788 wyrca
2037 3727 2049 3774 l
2101 3729 2153 3788 yiia

231 3801 314 3866 benti
348 3825 475 3867 manum
501 3804 619 3868 aridam
638 3827 732 3892 surgo
752 3806 784 3870 in
812 3807 955 3872 medium.
998 3810 1028 3872 4.
1050 3807 1093 3872 Et
1119 3807 1192 3872 dicit
1254 3809 1297 3872 cis
1409 3809 1481 3873 licet
1605 3807 1739 3871 sabbatis
1792 3805 1993 3870 benefacere
2015 3827 2055 3868 au
2077 3805 2160 3870 male

230 3957 267 4008 aa
284 3958 357 4007 savia
419 3957 475 4006 haia
539 3958 614 4018 gidus
663 3960 676 4006 i
730 3961 824 4021 loesiga
852 3961 927 4026 ¹aab
962 3961 1003 4010 hia
1036 3961 1164 4023 swigsduu
1265 3957 1281 4020 Ἰ
1328 3962 1532 4023 ymhscaovradun
1577 3962 1634 4010 hine
1668 3959 1765 4021 miii'ty
1879 3959 2012 4007 unrotsade
2088 3959 2142 4006 ater

229 4038 362 4102 animam
383 4036 501 4102 saluam
521 4037 622 4102 facere
643 4061 683 4102 sn
703 4039 857 4125 perdere?
888 4049 920 4103 at
960 4040 1006 4104 illi
1025 4040 1175 4105 tacebant
1196 4040 1226 4106 5.
1248 4039 1290 4104 Et
1311 4040 1555 4128 circumspiciens
1577 4062 1630 4104 eos
1683 4061 1753 4103 cum
1784 4039 1829 4101 ira
1850 4037 2043 4102 contristatus
2064 4058 2160 4122 super

230 4194 409 4255 ungleormissa
443 4194 528 4243 heorta
579 4193 649 4242 hiera
685 4191 764 4242 caah
798 4201 824 4243 to
843 4193 911 4244 ham
928 4206 1001 4243 menn
1049 4194 1131 4245 abone
1210 4195 1293 4244 horda
1354 4193 1416 4244 sine
1494 4191 1509 4253 Ἰ
1556 4193 1669 4244 charada
1710 4190 1725 4252 Ἰ
1763 4194 1798 4242 ait
1815 4191 1921 4255 gihasted
1956 4201 2011 4237 aaa
2063 4186 2150 4236 honda

250 4273 393 4338 caecitate
434 4273 535 4339 cordis
557 4295 664 4338 sorum
686 4273 760 4338 dicit
842 4273 961 4338 homini
1023 4274 1155 4339 extendo
1183 4296 1307 4338 manum
1341 4284 1434 4338 tuam.
1478 4273 1518 4338 Et
1539 4272 1676 4338 extendit
1703 4283 1732 4338 et
1771 4271 1910 4337 restituta
1962 4277 2008 4330 est
2049 4288 2162 4330 manus

179 4441 181 4446 ·
229 4425 280 4472 him
381 4419 455 4482 tta
473 4428 554 4477 codun
573 4427 644 4477 'dona
677 4427 774 4476 wutudi
835 4440 897 4477 sona
958 4427 995 4476 ’6ο
1012 4427 1099 4491 pharii
1148 4427 1205 4478 mih
1240 4426 1342 4476 herodes
1360 4426 1472 4488 bagnum
1513 4427 1647 4486 batturga
1699 4427 1745 4475 hia
1764 4425 1846 4475 dodun
1941 4419 1995 4469 wl'fi
2101 4419 2155 4468 him

227 4502 281 4566 illi.
324 4503 353 4567 6.
437 4503 594 4570 Exeuntes
676 4515 778 4570 autem
812 4506 914 4570 smdm
956 4507 1109 4594 pharisaei
1140 4529 1210 4572 cum
1261 4505 1448 4571 Herodianis
1505 4507 1665 4572 consilium
1700 4506 1853 4571 faciebant
1887 4499 2052 4563 aduersum
2090 4519 2163 4562 cum

288 4657 321 4704 hu
407 4656 466 4706 hius
499 4657 592 4720 ioaaiga
608 4659 718 4708 mahtim
819 4656 892 4719 iss
909 4658 958 4708 hat
1116 4660 1173 4711 mih
1249 4659 1334 4721 hagno
1407 4660 1445 4709 his
1505 4660 1588 4710 suardo
1640 4667 1666 4709 to
1727 4673 1759 4706 sae
1810 4652 1826 4714 Ἰ
1864 4647 2105 4709 111<11¹lti'⁶f0²²l²²s
2141 4651 2168 4698 0f

228 4734 382 4819 quomodo
408 4757 478 4800 eum
523 4738 695 4824 perderent.
765 4740 793 4802 7.
847 4737 935 4803 Iesus
977 4748 1079 4804 autem
1108 4761 1178 4804 cum
1206 4738 1361 4826 discipulis
1389 4739 1451 4804 suis
1480 4739 1602 4805 secessit
1628 4738 1668 4801 ad
1695 4758 1781 4800 mare
1802 4742 1832 4796 ct
1859 4728 1958 4793 multa
2008 4727 2106 4789 turba
2148 4725 2230 4789 a20

253 4889 341 4951 galilea
394 4885 410 4948 Ἰ
451 4891 480 4938 oi
494 4889 596 4940 iudaum
631 4893 746 4954 iylgenda
779 4905 870 4943 uaruu
904 4893 956 4940 him
1075 4889 1091 4952 Ἰ
1143 4895 1206 4942 troni
1296 4893 1389 4941 hierusi
1465 4889 1482 4949 Ἰ
1519 4893 1555 4940 iro
1596 4891 1723 4940 idumeum
1764 4884 1781 4944 Ἰ
1834 4885 1888 4932 oiar
1960 4879 2082 4927 iordanes
2144 4875 2161 4935 i

228 4965 369 5034 Galilaea
390 4977 421 5032 et
460 4967 597 5040 iudaea¹
637 4981 740 5036 secuta
808 4981 855 5037 est
896 4993 975 5036 eum.
1019 4973 1048 5038 8.
1069 4972 1111 5036 Et
1151 4973 1190 5036 ab
1233 4970 1435 5057 lerosolymis
1463 4979 1493 5034 et
1520 4971 1559 5034 ab
1585 4970 1733 5034 Idumaea
1761 4973 1792 5026 et
1819 4971 1906 5024 trans
1934 4955 2114 5020 Iordanem
2142 4963 2172 5016 ct

229 5120 298 5171 '⁶²5⁰
334 5121 391 5182 imb
470 5123 519 5183 iiii
589 5118 605 5181 i
668 5123 772 5173 sindona
854 5139 944 5187 manga
1032 5127 1104 5174 micis
1145 5127 1250 5176 herendo
1267 5138 1350 5172 waruu
1368 5123 1379 5170 l
1396 5123 1516 5184 gihardun
1553 5119 1622 5170 'tabe
1657 5121 1687 5168 ha
1705 5114 1836 5178 wyroaude
1855 5126 1913 5162 waes
1974 5119 2073 5154 comun
2144 5109 2169 5149 20

226 5201 279 5285 qui
320 5199 401 5263 cirea
432 5198 553 5286 Tyrum
585 5211 616 5266 et
642 5199 790 5268 Sidonem
817 5204 980 5269 multitudo
1011 5227 1125 5292 magna
1258 5203 1414 5269 audientes
1550 5219 1629 5284 quae
1722 5195 1857 5260 iaciebat
1928 5191 2117 5348 5spuerunt
2139 5179 2179 5242 ud
