4980 6304
1152 386 1399 460 ,44-

340 590 386 637 hia
403 587 525 648 gihardun
560 589 618 638 hine
653 585 729 663 “phe
747 601 809 638 ware
938 584 953 646 Ἰ
1021 602 1071 635 awa
1088 587 1181 638 hwider
1235 589 1260 636 tn
1279 588 1362 637 toerde
1404 591 1429 637 tn
1474 587 1534 636 lond
1598 588 1609 635 t
1665 587 1693 635 in
1726 587 1827 648 gimaeru
1879 588 1890 634 t
1943 591 1968 636 iu
1987 593 2069 636 carue
2105 591 2129 636 in
2166 588 2270 649 planum

351 667 518 732 audiebant
554 688 625 732 eum
688 689 761 732 esse.
856 666 906 731 56.
928 665 969 730 Et
1000 687 1195 753 quocumque
1225 666 1370 732 introibat
1400 666 1433 732 in
1465 667 1548 732 uicos
1581 667 1630 732 uel
1662 667 1694 730 in
1733 666 1822 731 uillas
1860 677 1914 730 aut
1934 667 2071 732 ciuitates
2099 667 2129 730 in
2163 665 2270 754 plateis

378 811 461 855 tetum
519 803 555 854 'ta
573 798 765 866 nntrymigu]
869 803 977 864 gthedun
1068 803 1125 852 hine
1166 801 1219 878 “fita
1275 803 1287 851 t
1375 803 1433 851 tare
1526 806 1649 865 giwadmn
1707 805 1746 852 hir
1799 805 1930 865 gihrionon
1975 803 1990 865 Ἰ
2027 820 2077 853 erra
2095 806 2160 854 ottor
2194 805 2272 868 gihri·

342 885 499 971 ponebant
550 884 687 948 infirmos
748 893 779 947 et
799 882 1042 969 deprecabantur
1064 905 1134 948 eum
1177 891 1212 946 ut
1252 881 1302 946 uel
1322 882 1476 948 fimbriam
1498 885 1669 950 uestimenti
1690 885 1755 950 eius
1783 894 1948 971 tangerent
1968 895 1997 949 et
2022 894 2173 971 quotquot
2207 893 2271 948 tan·

368 1031 436 1067 onan
502 1022 553 1069 him
600 1020 654 1070 hala
696 1018 826 1081 giwurdun

346 1099 463 1184 gabant
494 1121 563 1163 eum
591 1098 669 1162 salui
696 1099 820 1162 fiebant.

732 1234 747 1296 Ἰ
786 1237 842 1286 mih
861 1237 899 1298 'ty
917 1250 1005 1286 comen
1040 1243 1065 1284 to
1106 1235 1158 1283 him
1217 1234 1325 1285 ’hadda
1368 1233 1383 1295 Ἰ
1421 1250 1490 1286 suma
1510 1235 1573 1287 aaa
1608 1240 1636 1286 oi
1667 1238 1804 1288 uhwutum
1838 1239 1957 1302 eymende
1991 1241 2055 1288 hom
2090 1238 2238 1288 hierusalem

468 1313 543 1400 Cap.
568 1314 642 1379 VII.
665 1317 693 1379 l.
716 1314 758 1380 Et
801 1315 988 1379 conueniunt
1029 1313 1068 1378 ad
1088 1336 1159 1378 eum
1187 1314 1341 1402 pharisaei
1362 1325 1392 1380 et
1428 1315 1555 1401 quidam
1593 1317 1633 1382 de
1679 1319 1787 1384 scribis
1815 1319 1973 1384 uenientes
1994 1319 2033 1384 ab
2060 1317 2272 1404 lerosolymis.

409 1451 425 1514 Ἰ
463 1453 520 1503 mih
532 1453 568 1516 ’by
620 1457 722 1517 gisegun
776 1471 845 1506 sume
860 1455 922 1504 obre
963 1458 989 1502 ot
1040 1453 1152 1513 regnum
1212 1453 1251 1502 hia
1307 1453 1476 1516 gimoteliaum
1516 1453 1695 1504 mihhondum
1739 1456 1792 1506 ’hat
1825 1458 1847 1506 is
1881 1456 2059 1519 nnbwegnum
2137 1463 2204 1505 eatae

303 1533 372 1596 52.
398 1531 437 1599 Et
474 1556 544 1598 oum
600 1533 745 1599 uidissent
772 1535 921 1620 quosdam
953 1554 992 1597 ex
1018 1531 1173 1614 discipulis
1195 1533 1259 1596 eius
1281 1533 1494 1598 communibus
1535 1534 1675 1600 manibus
1749 1535 1781 1599 id
1812 1545 1859 1601 est
1890 1558 1954 1600 non
1975 1535 2044 1600 lotis
2086 1536 2273 1600 manducare

351 1669 427 1718 hletae
491 1672 527 1718 ior
545 1672 647 1720 ewedun
667 1673 712 1720 hia
894 1669 952 1719 aldu
1150 1666 1165 1728 Ἰ
1235 1670 1282 1718 alla
1352 1670 1437 1720 indens
1477 1674 1538 1720 buta
1587 1672 1654 1721 oitor
1696 1673 1834 1736 gihwogun
1875 1672 1957 1722 honda
2012 1686 2043 1721 ne
2147 1680 2203 1721 aton

345 1771 438 1834 panes
472 1750 731 1835 uituperauorunt.
784 1752 813 1814 3.
835 1749 993 1814 Pharisaei
1029 1749 1111 1813 enim
1142 1761 1172 1814 et
1202 1772 1307 1815 omnes
1339 1751 1446 1815 Iudaei
1477 1752 1535 1816 nisi
1564 1752 1672 1816 erebro
1699 1751 1832 1816 lauerint
1858 1774 1967 1816 manus
1995 1774 2058 1816 non
2086 1751 2274 1816 manducant

350 1887 483 1949 giheoldon
519 1894 638 1936 settnaasa
658 1889 669 1937 1
686 1889 793 1938 salnesae
864 1889 938 1937 uldra
1090 1885 1106 1948 Ἰ
1142 1891 1207 1936 trom
1239 1888 1390 1950 bingstowe
1417 1903 1443 1938 ee
1530 1889 1646 1950 gitulrrad
1731 1903 1762 1936 ne
1867 1894 1927 1936 etun
2016 1883 2033 1945 Ἰ
2072 1887 2135 1938 obre
2169 1892 2272 1950 manian

346 1975 482 2030 tenentes
559 1967 754 2032 traditionem
817 1968 980 2032 seniorum.
1025 1969 1053 2030 4.
1076 1966 1118 2030 Et
1163 1991 1181 2030 a
1275 1968 1343 2032 foro
1406 1967 1465 2032 nisi
1494 1967 1687 2054 baptizentur
1715 1991 1778 2032 non
1812 1965 1978 2032 comedunt
2006 1976 2037 2030 et
2070 1967 2130 2030 alia
2178 1967 2274 2033 multa

344 2103 436 2151 sindun
473 2103 554 2153 'habe
605 2106 685 2164 gisald
737 2120 796 2154 arun
831 2107 883 2154 him
918 2113 943 2153 to
961 2105 1082 2154 haldenne
1150 2106 1247 2154 tuluiht
1338 2105 1413 2154 calice
1470 2102 1486 2164 Ἰ
1524 2108 1617 2155 onhora
1635 2106 1705 2154 hiora
1744 2101 1760 2164 Ἰ

355 2193 425 2246 sunt
475 2205 552 2268 quae
585 2185 696 2248 tradita
730 2195 801 2248 sunt
828 2184 888 2248 illis
940 2207 1064 2250 seruare
1106 2185 1287 2272 baptismata
1308 2185 1437 2249 calicum
1464 2195 1495 2249 et
1536 2207 1699 2250 urceorum
1738 2193 1767 2248 et
1794 2192 2041 2248 aeramentorum
2064 2194 2094 2249 et
2115 2184 2274 2250 lectorum.

413 2317 429 2379 Ἰ
526 2322 627 2384 giiragn
721 2325 778 2370 hine
829 2321 955 2370 aldorman
998 2319 1014 2381 Ἰ
1052 2321 1159 2371 u'twutu
1195 2322 1330 2372 enatando
1365 2313 1449 2371 lhwon
1492 2323 1587 2383 ’tegnas
1632 2322 1694 2372 ’hine
1726 2335 1756 2370 no
1821 2335 1915 2384 ganges
1983 2323 2049 2371 aiter
2109 2322 2240 2383 giretnisao

346 2403 376 2466 5.
397 2402 438 2468 Et
458 2402 691 2486 interrogabant
712 2423 782 2465 eum
810 2401 963 2488 pharisaei
985 2412 1014 2465 et
1041 2402 1160 2467 scribae
1186 2403 1321 2466 dicentes
1354 2423 1450 2488 quare
1470 2402 1612 2489 discipuli
1639 2402 1682 2466 tui
1710 2423 1774 2466 non
1796 2401 1954 2466 ambulant
1973 2403 2060 2466 iuxta
2080 2401 2275 2470 traditionem

388 2540 461 2588 aldra
547 2541 577 2588 ah
656 2540 794 2587 uncianum
881 2539 990 2587 handum
1091 2539 1168 2589 eota't
1195 2513 1197 2518 ,
1271 2539 1349 2588 hlaine
1500 2541 1550 2592 eo't
1591 2540 1620 2588 ha
1694 2536 1812 2598 onrde
1882 2537 1960 2588 anab
1995 2538 2048 2586 him
2082 2537 2175 2588 fortion
2210 2540 2255 2587 wal

288 2619 327 2682 10
347 2619 501 2683 seniorum
538 2619 591 2682 sed
624 2619 835 2682 communibus
867 2619 1006 2682 manibus
1038 2618 1227 2684 manducant
1256 2619 1391 2706 panem?
1444 2619 1472 2684 6.
1506 2620 1552 2684 At
1580 2617 1633 2684 ille
1663 2617 1853 2704 respondens
1888 2617 1966 2682 dixit
2005 2619 2048 2682 eis
2093 2619 2165 2704 quia
2197 2618 2275 2683 bene

380 2757 515 2818 gewitgada
583 2758 660 2805 esaias
703 2759 730 2804 oi
781 2759 829 2804 ion
909 2758 1015 2817 legatum
1091 2771 1141 2804 swa
1204 2758 1305 2806 awriten
1369 2757 1391 2805 is
1461 2756 1539 2805 iolche
1597 2755 1640 2804 'tis
1680 2754 1736 2805 mih
1754 2755 1832 2804 mu’he
1868 2768 1921 2802 moe
1956 2754 2070 2805 weor'hae

348 2837 545 2924 prophetauit
574 2837 667 2900 isaias
698 2837 736 2901 do
765 2837 852 2901 uobis
880 2835 1049 2923 hypocritis
1078 2839 1155 2901 sieut
1183 2835 1329 2922 scriptum
1359 2844 1404 2899 est
1429 2835 1562 2922 populus
1589 2834 1641 2899 hio
1709 2835 1798 2899 labiis
1868 2856 1918 2899 me
1946 2835 2079 2900 honorat
2100 2857 2154 2900 eor
2174 2844 2275 2900 autem

1515 2972 1614 3034 guarda
1701 2973 1788 3022 laruas
1855 2970 1870 3032 Ἰ
1928 2973 2045 3023 ὀἰοοᾱο
2142 2985 2234 3022 monna

350 3075 455 3118 eorum
487 3052 581 3138 longe
613 3062 658 3116 est
689 3075 708 3116 a
738 3075 796 3116 me.
856 3055 884 3116 7.
916 3053 955 3117 ln
988 3075 1102 3117 uanum
1134 3063 1234 3118 autem
1266 3075 1318 3118 me
1350 3053 1456 3118 colunt
1486 3053 1630 3119 docentes
1661 3053 1816 3118 doctrinas
1848 3062 1877 3116 et
1908 3061 2072 3140 praecepta
2105 3053 2275 3118 hominum.

417 3193 450 3238 eit
467 3191 603 3239 torleortun
664 3190 721 3238 hine
789 3191 882 3239 bibodn
944 3193 1019 3254 godes
1055 3191 1166 3252 giheldae
1236 3192 1339 3240 uetuisse
1447 3205 1541 3240 monna
1646 3191 1743 3239 itrlniht
1814 3192 1906 3240 onhora
1924 3191 1995 3240 hiera
2036 3186 2052 3249 Ἰ
2115 3190 2197 3240 cabaa
2250 3187 2266 3249 Ἰ

350 3269 378 3332 8.
400 3269 619 3355 Relinquentes
641 3270 722 3333 enim
745 3270 923 3336 mandatrun
954 3270 1015 3334 Dei
1056 3271 1164 3334 tenetis
1193 3270 1388 3335 traditionem
1416 3270 1577 3335 hominum
1606 3269 1789 3356 baptismata
1827 3291 1990 3334 urceorum
2031 3279 2063 3333 et
2090 3269 2219 3334 calicum
2247 3279 2278 3332 ut

349 3406 412 3456 obre
461 3407 535 3468 gilius
579 3406 677 3456 ’bissum
712 3408 842 3456 wundrum
883 3410 967 3470 monig
1085 3403 1102 3466 Ἰ
1156 3407 1234 3456 cwa’t
1286 3414 1312 3457 to
1329 3409 1382 3458 him
1424 3409 1470 3459 wel
1513 3408 1650 3458 birmerliea
1685 3408 1772 3468 gidoaa
1858 3409 1934 3458 hihod
2019 3407 2097 3470 goder
2130 3405 2181 3484 ¹]5ta
2213 3407 2278 3456 sela·

350 3485 410 3550 alia
443 3485 552 3550 similia
609 3486 656 3550 his
735 3486 834 3550 facitis
875 3487 980 3550 multa.
1024 3488 1053 3552 9.
1075 3486 1116 3551 Et
1138 3487 1259 3552 dicebat
1302 3487 1361 3551 illis
1404 3488 1484 3554 bene
1521 3488 1642 3552 irritum
1679 3488 1777 3552 facitis
1796 3497 1994 3576 praeceptum
2024 3488 2087 3554 Dei
2145 3497 2178 3552 ut
2218 3496 2278 3551 tra·

396 3626 463 3674 nisse
548 3626 623 3674 iower
688 3624 800 3684 gihaldaa
942 3638 1039 3684 moysea
1080 3622 1173 3672 torbon
1209 3625 1286 3674 ewaeh
1329 3624 1417 3675 worba
1482 3625 1556 3674 iader
1607 3624 1687 3674 hinne
1721 3621 1737 3685 Ἰ
1789 3625 1873 3674 moder
1927 3625 1989 3676 hine
2029 3623 2045 3686 Ἰ
2083 3623 2146 3676 rahe
2198 3627 2260 3674 mie·

290 3705 329 3768 15
353 3705 499 3769 ditionem
519 3713 654 3769 uestram
676 3704 812 3770 seruatis.
857 3705 905 3768 10.
929 3703 1053 3789 Moyses
1086 3703 1168 3767 onim
1211 3703 1288 3767 dixit
1315 3705 1435 3769 honora
1462 3715 1580 3790 patrem
1603 3715 1688 3770 tuum
1715 3715 1745 3770 et
1766 3717 1895 3770 matrem
1917 3715 2001 3770 tuam
2022 3714 2053 3770 et
2082 3705 2136 3790 qui
2174 3703 2279 3768 vmale-

360 3859 458 3909 cwahes
510 3861 578 3910 iader
630 3860 641 3906 l
685 3858 785 3908 moader
819 3857 876 3907 mih
894 3856 976 3907 derha
1011 3856 1122 3918 gidehed
1140 3856 1188 3908 bib
1334 3873 1364 3920 ge
1405 3859 1539 3908 uutudlira
1574 3858 1689 3909 auantiae
1732 3860 1770 3917 gn
1810 3859 1856 3906 hta
1875 3857 1990 3909 canosa
2042 3871 2101 3907 mon
2154 3859 2222 3908 tader
2240 3857 2278 3906 his

353 3938 464 4002 dixerit
506 3939 584 4024 patri
611 3938 663 4004 uel
690 3939 781 4002 matri
853 3948 952 4003 morte
1023 3937 1181 4002 moriatur.
1241 3938 1290 4001 11.
1314 3937 1380 4004 Uos
1421 3947 1525 4003 autem
1577 3938 1675 4004 dicitis
1734 3938 1759 4001 si
1843 3938 1956 4003 dixerit
2018 3937 2111 4002 homo
2175 3938 2253 4024 patri

374 4093 386 4140 t
429 4092 528 4142 moeder
544 4093 581 4141 hie
950 4095 1003 4154 gete
1056 4090 1108 4168 'fite
1125 4107 1176 4142 arra
1193 4093 1302 4142 horatia
1338 4094 1365 4142 oi
1405 4106 1445 4141 me
1495 4092 1529 4142 ’te
1598 4094 1692 4154 muare
1867 4090 1883 4153 Ἰ
1919 4093 2013 4142 lustum
2064 4106 2095 4141 ne
2141 4093 2262 4152 tergentes

353 4172 404 4237 uel
455 4172 545 4237 matri
609 4173 724 4237 corban
746 4171 830 4258 quod
852 4178 897 4235 est
918 4171 1035 4236 donum
1073 4171 1289 4257 quodcumque
1331 4193 1370 4236 ex
1401 4195 1452 4238 me
1485 4172 1538 4236 tibi
1570 4171 1727 4260 profuerit.
1784 4173 1830 4235 12.
1853 4171 1894 4236 Et
1930 4173 2010 4237 ultra
2046 4193 2110 4236 non
2131 4170 2280 4236 dimittitis

363 4327 415 4376 him
499 4327 563 4387 anig
634 4327 740 4388 giwyrae
756 4327 767 4373 l
784 4326 857 4386 gidoe
892 4327 961 4375 feder
995 4326 1033 4375 his
1085 4326 1096 4375 1
1136 4325 1236 4375 moedar
1356 4327 1391 4374 eit
1407 4339 1436 4385 ga
1454 4333 1480 4374 to
1493 4325 1563 4374 alitae
1619 4325 1688 4374 word
1738 4326 1814 4386 godes
1850 4326 1912 4375 'terh
1974 4327 2078 4374 retulere
2170 4327 2246 4374 iower

354 4427 423 4470 eum
445 4405 613 4492 quidquam
695 4404 796 4470 facere
889 4407 968 4492 patri
989 4428 1044 4470 suo
1067 4415 1119 4470 aut
1139 4405 1229 4469 matri
1284 4406 1331 4468 13.
1356 4403 1563 4470 rescindentes
1592 4406 1721 4470 uerbum
1748 4404 1810 4470 Dei
1853 4427 1908 4493 per
1928 4405 2126 4470 traditionem
2145 4413 2280 4470 uestram

370 4559 437 4608 hone
494 4559 610 4621 giraldun
666 4556 681 4618 Ἰ
727 4559 808 4608 hisine
887 4559 988 4610 ’busticu
1049 4559 1130 4610 snite
1148 4541 1250 4622 monlgu
1284 4559 1371 4621 gidoas
1515 4555 1530 4617 Ἰ
1567 4565 1594 4609 to
1611 4560 1713 4621 gieegde
1780 4561 1814 4608 eit
1884 4558 1936 4609 ret
1954 4559 2003 4608 tolo
2054 4557 2133 4609 ewa’t
2184 4557 2281 4609 tobim

356 4661 447 4724 quam
469 4639 635 4704 tradidistis
657 4650 686 4702 et
716 4638 826 4702 similia
847 4639 1022 4705 huiusmodi
1108 4640 1229 4704 multav
1272 4639 1379 4704 facitis.
1431 4641 1478 4702 14.
1501 4638 1542 4703 Et
1563 4639 1718 4704 aduocans
1739 4639 1850 4703 iterum
1881 4638 2004 4703 turbam
2033 4637 2153 4704 dicebat
2199 4637 2260 4702 illis

353 4792 449 4854 giheras
467 4806 496 4850 ge
531 4807 584 4842 meo
636 4793 682 4842 alle
733 4790 749 4850 Ἰ
804 4802 922 4855 ongeetas
1079 4797 1140 4845 noht
1188 4795 1209 4844 le
1252 4798 1312 4845 buta
1370 4809 1488 4845 monnum
1566 4797 1634 4857 ingan
1701 4795 1729 4843 in
1767 4795 1825 4843 hine
1872 4793 1925 4845 ’tat
1982 4807 2057 4855 mage
2098 4791 2155 4842 hina
2190 4792 2281 4853 mvid-

293 4874 335 4938 20
375 4873 477 4937 audite
530 4896 580 4938 me
602 4895 707 4938 omnes
730 4883 759 4938 et
779 4874 949 4960 intelligite.
994 4877 1041 4940 15.
1064 4875 1150 4939 Nihil
1173 4885 1219 4940 est
1239 4885 1326 4939 extra
1347 4877 1503 4940 hominem
1526 4876 1673 4939 introiens
1695 4875 1726 4938 in
1757 4895 1827 4938 enm
1855 4873 1940 4961 quod
1967 4873 2064 4960 possit
2090 4895 2162 4937 eum
2200 4872 2282 4936 noin-

401 5027 450 5086 ltga
517 5027 547 5074 ah
583 5027 618 5077 ’6ο
631 5028 664 5078 ’ha
700 5032 727 5078 ot
776 5043 850 5078 menn
921 5031 1043 5079 toreumar
1105 5028 1139 5078 ’6ο
1173 5030 1265 5079 eindun
1302 5029 1384 5079 ’tabe
1451 5029 1587 5092 giuidticae
1658 5025 1923 5078 marathonemonn
2048 5028 2086 5089 git
2117 5025 2282 5076 hwelethwa

356 5105 484 5192 quinare
505 5106 559 5170 sed
581 5130 660 5193 quae
688 5107 727 5173 de
749 5107 873 5174 bomine
894 5108 1065 5196 procedunt
1094 5108 1147 5171 illa
1177 5119 1249 5172 sunt
1300 5131 1379 5194 quae
1401 5109 1628 5174 communicant
1689 5106 1855 5172 hominem.
1972 5107 2020 5170 16.
2044 5104 2079 5173 Si
2152 5107 2219 5193 quis

361 5261 443 5311 haras
485 5275 543 5310 earu
582 5268 608 5310 to
626 5263 757 5323 giharanne
792 5264 876 5323 gihere
1025 5259 1040 5321 Ἰ
1078 5261 1135 5312 mi't
1155 5262 1192 5324 'ty
1245 5263 1334 5312 iueoda
1392 5265 1418 5312 in
1485 5264 1531 5312 hue
1584 5263 1647 5310 trom
1682 5262 1771 5312 ³traete
1843 5260 1985 5324 gitrugnnm
2170 5260 2265 5323 tegna

354 5342 447 5406 habet
466 5364 555 5406 aures
593 5341 737 5408 audiendi
783 5343 893 5406 audiat.
937 5342 985 5406 17.
1007 5341 1049 5406 Et
1096 5363 1166 5408 eum
1207 5342 1360 5408 introisset
1385 5343 1417 5406 in
1439 5343 1565 5406 domum
1607 5365 1625 5405 a
1678 5343 1769 5407 turba
1789 5342 2023 5430 interrogabant
2045 5364 2116 5408 eum
2141 5339 2282 5428 discipuli
