4980 6304
384 643 565 731 Sequuntur
584 644 708 729 glossae
730 645 883 730 evangelii
903 645 1000 709 Marci
1017 667 1160 711 sermone
1182 644 1491 732 Northanhymhrico
1522 645 1722 732 compositae,
1745 645 1852 732 quales
1873 647 1904 709 in
1927 647 2032 712 codice
2054 647 2258 714 bibliothecae

257 743 448 808 Bodleianac
478 742 682 825 Oxonicnsis,
713 745 838 808 nomine
865 744 1077 809 Rushworthii
1105 745 1205 826 claro,
1233 754 1368 826 exstant,
1398 765 1437 809 cx
1458 744 1639 831 apographo
1662 743 1842 809 Beniamiui
1872 744 1992 831 Tborpe
2019 767 2102 811 nunc
2123 747 2257 835 primum

257 843 365 907 editae.
409 843 460 908 De
489 844 650 924 affinitate,
680 867 740 929 qua
770 844 869 909 codex
896 843 1174 908 Rushworthianus
1201 866 1272 908 cum
1300 843 1562 908 Lindisfarneensi
1594 843 1772 908 coniunctus
1801 855 1863 926 est,
1898 845 1931 908 in
1960 844 2040 910 libro
2068 867 2139 911 meo
2165 869 2258 934 supra

257 951 428 1007 memorato
457 943 597 1008 disserui.
639 941 712 1007 Hoc
740 943 810 1008 loco
840 943 879 1008 ad
908 965 960 1024 ca,
991 966 1070 1028 quae
1104 943 1275 1022 Wanleius,
1304 945 1336 1006 in
1365 942 1568 1008 describendo
1598 943 1707 1008 eodem
1737 942 1860 1024 codice,
1893 945 2050 1032 exposuit,
2079 946 2140 1011 hoc
2161 968 2258 1010 rmum

257 1042 429 1106 addiderim
457 1042 553 1128 (quod
573 1040 778 1107 Beatam-iaus
802 1043 923 1129 Thorpe
950 1051 1067 1130 primus
1093 1043 1336 1128 animadvertit),
1366 1043 1462 1109 verba
1488 1041 1622 1128 margini
1652 1042 1803 1128 superiori
1831 1043 1963 1130 paginae
1991 1044 2104 1109 codicis
2132 1045 2258 1110 ultimae

257 1141 411 1228 adscripta
439 1141 579 1227 rhythmi
611 1143 710 1206 rarius
744 1142 900 1228 quoddam
928 1163 1028 1228 genus
1061 1142 1224 1223 exhibere,
1253 1141 1475 1220 assonantiam,
1508 1149 1541 1203 ut
1568 1140 1611 1204 ita
1636 1140 1753 1223 dicam,
1783 1141 1966 1229 implexam,
1997 1151 2089 1229 atque
2116 1144 2158 1208 ita
2191 1165 2258 1209 esse

257 1241 408 1328 legenda:

755 1343 833 1410 haefe
855 1347 898 1407 nd
919 1343 975 1407 boc
996 1341 1160 1406 awritenc·
1183 1343 1278 1406 bruce
1298 1340 1367 1408 mie
1388 1341 1488 1404 willa·

760 1442 862 1528 symlc
884 1441 951 1510 mie
975 1444 1090 1509 abbam
1109 1441 1243 1527 gilebfa·
1265 1441 1313 1505 sib
1335 1441 1361 1504 is
1384 1441 1535 1526 eghwbm
1556 1441 1675 1506 leofest.

381 1557 461 1621 Inde
488 1567 587 1644 patet,
614 1577 650 1621 ea
676 1580 740 1621 non
769 1558 935 1622 cohaerere
959 1579 1028 1620 cum
1056 1557 1272 1644 inscriptione,
1302 1556 1334 1619 in
1361 1556 1503 1643 margine
1530 1556 1675 1622 inferiore
1701 1556 1834 1643 paginae
1862 1555 2086 1642 paenultimae,
2113 1557 2197 1622 hunc
2225 1557 2257 1620 in

259 1658 386 1723 modum
410 1679 571 1743 expressa:

754 1759 798 1824 oe
819 1758 885 1819 mln
907 1755 1021 1820 brucho
1041 1754 1167 1842 gibidde
1187 1755 1255 1820 fore
1277 1755 1369 1820 owiin
1392 1757 1437 1822 'bc
1457 1755 1517 1822 'bas
1538 1753 1594 1818 bec

751 1855 879 1942 gloesdc
901 1855 1030 1920 faermcn
1050 1857 1133 1923 'bam
1154 1859 1277 1942 preoste
1296 1865 1335 1920 aet
1357 1854 1542 1935 hdrawuda3

259 1976 337 2039 haec
358 1975 439 2038 enim
461 1974 673 2060 imperfectum
695 1973 861 2038 ostendunt
880 1973 1079 2060 rhythmum,
1101 1972 1153 2038 vel
1173 1994 1300 2060 prorsus
1321 1971 1452 2036 utillum.
1495 1969 1607 2058 Neque
1627 1970 1687 2035 hoc
1708 1967 1910 2033 omittendum
1925 1991 1992 2035 csse
2006 1971 2126 2058 putavi,
2145 1993 2258 2036 nomen

258 2074 450 2150 Farmanru',
483 2073 566 2158 quod
587 2072 931 2158 Northanhymbricum
961 2093 1028 2136 csse
1056 2073 1193 2154 videtur,
1225 2093 1275 2136 mc
1302 2071 1398 2136 semel
1421 2079 1540 2135 tantum
1569 2069 1722 2158 reperisse
1743 2071 1775 2133 in
1797 2068 1878 2133 libro
1905 2069 1986 2134 vitae
2014 2069 2259 2135 Dunclmcnsia

258 2172 391 2259 Jocepbo
415 2172 577 2237 Steeencoa
599 2173 681 2237 edito
698 2195 728 2260 p.
750 2173 800 2236 45.

380 2273 543 2337 Postremo
565 2293 633 2353 eos,
660 2273 726 2358 qui,
748 2271 899 2357 glossario
922 2270 966 2334 uti
987 2269 1108 2352 volent,
1137 2271 1304 2351 admoneo,
1334 2291 1427 2335 voces
1455 2268 1584 2356 syllabis
1606 2292 1625 2332 a
1645 2267 1731 2334 dom
1759 2268 1834 2332 had
1865 2268 1973 2354 scipc
2001 2268 2174 2333 desinentes
2195 2290 2259 2332 ma

256 2372 366 2437 sculini
394 2393 460 2436 esse
488 2373 627 2458 generis,
665 2373 696 2436 in
733 2394 811 2458 ung
839 2382 869 2435 ct
897 2393 965 2435 nos
998 2371 1108 2456 (nys)
1137 2379 1284 2434 exeuntes
1313 2369 1467 2449 feminini,
1496 2378 1588 2457 atque
1615 2369 1767 2435 vocabula
1796 2391 1866 2433 cum
1897 2368 2025 2456 syllabis
2053 2367 2200 2456 praefixis
2228 2379 2258 2432 ct

256 2471 414 2559 particulis
434 2475 453 2533 a
474 2482 518 2536 act
545 2472 592 2536 bc
619 2472 682 2536 for
702 2473 786 2536 iore
808 2493 856 2557 gc
875 2472 914 2535 in
937 2470 1015 2534 nrid
1037 2469 1077 2534 of
1099 2469 1185 2533 ofer
1210 2491 1257 2533 on
1286 2490 1327 2533 or
1354 2472 1390 2532 to
1417 2469 1581 2555 uflulc)
1602 2491 1650 2534 un
1678 2469 1805 2534 under
1832 2491 1881 2556 up
1908 2471 1948 2533 ut
1976 2471 2027 2537 h'b
2056 2469 2155 2554 burh
2176 2489 2258 2534 com-

256 2571 356 2663 posita
376 2571 407 2634 in
428 2571 616 2659 simplicibus
638 2593 704 2636 esse
727 2570 911 2656 quaerenda.
