4980 6304
1168 421 1418 496 -40,

381 615 411 663 hc
430 615 508 663 atirds
561 617 624 665 trom
658 618 760 679 gimaru
811 619 882 667 hiera
1034 617 1169 683 ffmlb'ty
1226 622 1325 684 astlgnn
1386 618 1512 697 inpsclp
1552 632 1633 682 engen
1674 621 1733 670 hina
1809 621 1916 682 gabldda
1949 620 2011 672 saba
2046 623 2109 671 horn
2155 621 2244 672 diowh

359 692 529 759 discederet
577 696 616 761 de
653 697 766 760 finibus
795 717 912 762 eorum.
955 699 1004 762 18.
1028 697 1170 786 Cumque
1189 699 1369 765 ascenderet
1400 700 1504 764 nauim
1542 699 1642 787 coepit
1662 699 1751 764 illum
1771 699 1930 787 deprecari
1957 701 2010 788 qui
2065 723 2085 765 a
2124 700 2287 767 daemonio

370 834 470 882 awaeled
539 849 594 884 was
636 833 689 911 *lite
724 850 786 886 wera
826 837 884 886 mt’t
919 837 971 884 him
1107 833 1123 896 Ἰ
1170 852 1201 888 na
1240 838 1355 888 torlaorta
1389 838 1446 888 hina
1486 838 1518 887 ah
1553 839 1631 890 cwa’t
1665 845 1692 888 ιο
1710 838 1763 888 him
1798 853 1843 900 gas
1893 839 1921 888 ln
2006 838 2053 888 hus
2150 839 2199 889 ’tin
2259 847 2287 890 to

359 924 489 979 uexatus
515 915 615 979 fuerat
645 923 679 978 ut
716 925 796 981 esset
817 939 888 980 cum
908 916 972 981 illo.
1016 915 1066 983 19.
1088 915 1129 980 Et
1149 939 1213 982 non
1235 917 1357 984 admisit
1383 939 1454 982 eum
1474 917 1529 985 sed
1579 919 1621 983 ait
1691 917 1738 982 illi
1786 918 1866 984 uade
1896 920 1929 983 in
1962 918 2090 984 domum
2124 929 2210 984 tuam
2246 920 2287 984 ad

367 1050 433 1101 ’bion
468 1050 483 1112 Ἰ
520 1060 545 1100 ιο
565 1065 689 1112 saecgannc
724 1054 776 1102 him
810 1054 845 1102 hu
863 1054 934 1102 micel
970 1053 1006 1102 ’6ο
1082 1053 1138 1104 drih
1223 1054 1289 1117 dyda
1332 1053 1348 1116 Ἰ
1386 1055 1506 1106 milsenda
1544 1056 1581 1106 sla
1616 1055 1665 1107 ’bin
1793 1053 1809 1116 Ἰ
1847 1057 1907 1105 cade
1941 1053 1957 1116 Ἰ
2003 1071 2085 1118 angon
2152 1057 2246 1118 hodiga

360 1139 428 1196 tuos
465 1142 495 1196 et
529 1131 682 1196 annuncia
719 1132 780 1197 illis
815 1144 929 1220 quanta
960 1133 1017 1196 tibi
1039 1132 1181 1198 dominus
1202 1135 1310 1202 fecerit
1331 1144 1361 1201 et
1381 1136 1522 1200 misertus
1549 1137 1588 1200 sit
1617 1136 1670 1199 tui.
1713 1135 1763 1200 20.
1784 1134 1825 1200 Ει
1845 1135 1919 1201 abiit
1937 1145 1968 1200 et
1987 1135 2088 1222 coepit
2108 1135 2288 1223 praedicare

362 1269 387 1316 iu
425 1268 478 1318 ’oar
495 1269 565 1330 byrig
598 1270 633 1317 hu
652 1270 723 1317 micel
759 1269 809 1318 him
863 1269 928 1332 dyde
981 1272 1017 1322 ’aa
1033 1272 1082 1320 hat
1115 1269 1131 1332 Ἰ
1191 1273 1239 1322 alla
1292 1274 1473 1333 giwnndraduu
1608 1269 1624 1332 Ἰ
1666 1271 1763 1334 mttby
1847 1275 1955 1333 olsmtag
2032 1271 2067 1322 ’os
2080 1271 2129 1322 hal
2162 1276 2191 1322 ln
2225 1273 2276 1336 scip

358 1348 388 1410 in
422 1346 562 1434 decapoli
603 1357 717 1433 quanta
749 1349 806 1413 sibi
834 1350 954 1414 fecisset
984 1351 1072 1416 Iesus
1105 1361 1136 1416 et
1156 1374 1263 1417 omncs
1284 1353 1484 1418 mirabantur.
1525 1352 1576 1417 21.
1596 1350 1638 1416 Et
1677 1373 1747 1416 cum
1778 1352 2016 1417 transcendisset
2036 1351 2124 1417 Iesus
2155 1355 2187 1416 in
2216 1351 2287 1417 naui

398 1486 432 1532 att
523 1484 574 1533 oter
627 1487 659 1557 pa
677 1485 719 1532 luh
756 1487 810 1534 etna
829 1499 918 1534 comun
956 1487 1054 1536 ’tractas
1089 1491 1188 1550 menige
1223 1495 1249 1537 ιο
1293 1491 1346 1538 him
1392 1486 1408 1549 Ἰ
1450 1502 1507 1538 was
1554 1490 1613 1550 ymb
1656 1489 1727 1539 tona
1744 1501 1776 1537 sa
1918 1483 1934 1547 Ἰ
1989 1501 2044 1536 com
2095 1502 2151 1536 sum
2167 1503 2227 1539 mon
2261 1491 2288 1537 ot
2387 1513 2393 1522 ·

316 1565 480 1628 brursum
503 1573 588 1626 hans
609 1563 720 1627 fretum
760 1565 906 1629 conuenit
954 1567 1045 1630 turba
1086 1567 1184 1631 multa
1213 1568 1253 1632 ad
1283 1589 1354 1632 eum
1384 1578 1414 1633 ct
1445 1576 1511 1634 crat
1541 1568 1623 1633 circa
1670 1589 1762 1634 mare.
1828 1567 1877 1632 22.
1899 1566 1942 1632 Et
1974 1566 2058 1632 uenit
2094 1567 2220 1654 quidam
2247 1566 2287 1633 de

394 1701 579 1764 hehsomnunge
640 1702 771 1764 ginemnad
789 1715 844 1751 was
882 1701 1006 1762 larus-1
1061 1704 1137 1766 gisaeh
1184 1705 1242 1754 hinc
1277 1706 1351 1767 girant
1368 1705 1380 1752 1
1397 1705 1458 1755 lectt
1501 1712 1526 1754 ιο
1566 1707 1646 1754 totum
1703 1705 1741 1753 his
1900 1701 1916 1764 Ἰ
2056 1703 2111 1753 bad
2220 1705 2278 1754 hina

358 1782 614 1868 archisynagogis
677 1782 801 1846 nominc
863 1781 964 1845 Iairus
986 1793 1016 1846 et
1042 1782 1151 1847 uidens
1178 1805 1248 1847 eum
1299 1783 1431 1870 procidit
1492 1784 1531 1849 ad
1563 1785 1657 1871 pedes
1687 1784 1753 1849 eius
1815 1785 1865 1850 23.
1893 1793 1924 1850 ct
1960 1784 2185 1871 deprecabatur
2216 1806 2285 1850 eum

395 1920 467 1979 longe
511 1918 647 1968 enatando
682 1919 775 1969 tortos
793 1920 805 1966 ι
824 1919 900 1968 ’tatto
935 1917 1022 1968 dohter
1056 1921 1107 1968 min
1142 1923 1169 1970 in
1204 1926 1339 1984 ytmsstum
1387 1922 1409 1970 is
1569 1929 1621 1972 seta
1639 1937 1671 1972 on
1722 1923 1806 1972 honde
1866 1923 1917 1972 oter
1973 1924 2019 1973 hle
2053 1922 2105 1999 'pte
2167 1923 2206 1972 hai
2250 1925 2285 1972 sta

358 1999 491 2062 multum
532 1999 636 2063 dicens
720 1998 866 2084 quoniam
947 1998 1012 2062 filia
1052 2021 1121 2064 mea
1141 2001 1173 2063 in
1202 2001 1346 2064 extremis
1375 2011 1421 2066 cst
1454 2002 1527 2067 ueni
1554 2003 1678 2089 impone
1696 2025 1823 2067 manum
1843 2025 1936 2091 super
1963 2025 2032 2068 eam
2061 2012 2096 2068 ut
2135 2003 2223 2067 salua
2249 2003 2287 2066 sit

363 2134 379 2196 Ἰ
417 2137 458 2184 hio
478 2136 537 2195 llige
674 2134 690 2197 Ἰ
727 2137 789 2184 code
823 2137 880 2186 mi’t
916 2136 967 2185 htm
1001 2133 1017 2196 Ἰ
1081 2137 1196 2199 lylgeuds
1260 2139 1312 2188 him
1348 2138 1450 2189 ersom
1484 2142 1584 2202 manige
1617 2137 1633 2200 Ἰ
1715 2139 1860 2200 ontringun
1929 2139 1988 2188 hina
2132 2136 2148 2199 Ἰ
2211 2141 2256 2189 wit

358 2227 389 2280 ct
430 2216 522 2280 uiuat.
587 2217 637 2282 24.
661 2215 703 2280 Et
723 2217 797 2279 abiit
817 2237 887 2280 cum
910 2216 964 2282 illo
995 2226 1025 2281 et
1045 2218 1231 2302 sequebatur
1251 2241 1323 2284 eum
1354 2219 1445 2282 turba
1484 2219 1580 2282 multa
1607 2230 1639 2284 et
1658 2218 1901 2306 comprimebant
1922 2241 2002 2283 eum.
2045 2220 2095 2285 25.
2116 2217 2159 2284 Et
2178 2218 2287 2284 mulier

364 2354 427 2404 sebe
462 2368 516 2402 was
551 2358 578 2404 in
613 2354 772 2404 uttiomenda
829 2355 916 2404 blodes
968 2356 1058 2404 wintru
1124 2355 1207 2406 tuella
1368 2353 1384 2416 Ἰ
1438 2369 1493 2404 was
1544 2359 1648 2417 monigu
1675 2355 1812 2417 hrouunga
1841 2357 1905 2405 hom
1935 2355 2131 2418 swtbemonlgn
2180 2357 2262 2406 lecum

358 2455 437 2518 quae
459 2443 524 2498 crat
545 2435 577 2496 in
614 2433 767 2520 profluuio
789 2435 948 2520 sanguinis
969 2436 1056 2499 annis
1078 2434 1242 2500 duodecim
1293 2435 1343 2500 26.
1362 2445 1392 2500 οι
1423 2437 1523 2499 fuerat
1547 2436 1644 2500 multa
1668 2457 1812 2523 perpessa
1861 2458 1880 2498 a
1926 2435 2135 2523 compluribus
2159 2435 2286 2502 medicis

362 2568 378 2631 Ἰ
408 2571 504 2633 mibby
513 2572 597 2633 gesald
607 2585 661 2620 aas
704 2573 751 2621 alle
786 2574 838 2621 hire
852 2573 914 2622 ’binc
946 2585 977 2621 ue
1021 2573 1096 2621 aniht
1245 2575 1330 2637 gihalp
1399 2575 1429 2622 ah
1464 2573 1560 2623 sulbor
1618 2587 1695 2634 wyrse
1773 2573 1850 2621 haldo
1975 2573 2070 2636 mim
2104 2575 2210 2636 gebarde
2249 2575 2285 2626 srb

297 2653 337 2716 10
358 2661 388 2716 οι
441 2661 624 2738 crogauerat
671 2652 774 2716 omnia
826 2675 881 2716 sua
933 2652 1174 2738 necquidquam
1194 2653 1367 2740 proiecerat
1387 2653 1442 2718 sed
1462 2653 1561 2741 magis
1583 2652 1716 2717 deterius
1735 2652 1876 2717 habebat.
1908 2653 1959 2717 21.
1981 2651 2062 2718 (ium
2089 2653 2224 2718 audisset
2249 2654 2287 2719 de

259 2811 287 2852 f
356 2785 453 2840 'bahal
487 2803 542 2838 com
582 2790 609 2836 tn
646 2789 733 2839 broott
767 2789 824 2839 mtb
842 2789 909 2839 hond
943 2787 959 2850 Ἰ
1001 2790 1087 2851 gthran
1181 2791 1278 2838 vedum
1370 2791 1409 2840 his
1562 2789 1671 2852 coenet
1706 2789 1800 2839 turbon
1825 2789 1919 2840 tortian
1949 2792 1987 2853 git
2023 2790 2034 2836 1
2112 2791 2236 2852 giwedum

370 2869 443 2935 Iesu
480 2869 564 2933 uenit
584 2869 616 2931 in
649 2869 739 2934 turba
801 2879 884 2934 rctro
942 2879 973 2933 et
997 2869 1097 2955 tetigit
1120 2869 1338 2934 uestimentum
1359 2870 1432 2936 cius.
1484 2871 1535 2934 28.
1559 2870 1691 2935 Dicebat
1721 2870 1804 2934 enirn
1845 2869 1918 2956 quia
1953 2869 1980 2934 si
2000 2868 2051 2934 uel
2073 2869 2286 2934 uestimentum

372 3010 410 3058 his
446 3009 469 3055 ic
486 3007 584 3070 gihrino
619 3009 642 3056 1ο
659 3009 728 3056 biom
746 3008 787 3056 hal
916 3003 932 3066 Ἰ
969 3019 1056 3056 rseone
1073 3007 1085 3054 1
1102 3020 1163 3056 sona
1197 3005 1319 3069 gtdrugad
1352 3021 1408 3056 was
1443 3020 1564 3072 ssprynge
1636 3008 1722 3056 blodas
1797 3008 1850 3056 hira
1902 3004 1918 3066 Ἰ
1955 3007 2062 3069 gissoldo
2106 3006 2164 3057 mi’t
2181 3007 2287 3057 lichoma

358 3091 422 3154 eins
448 3088 578 3173 tetigero
618 3086 703 3149 salua
726 3108 789 3150 cru.
833 3086 883 3151 29.
905 3086 946 3151 Et
987 3086 1146 3151 confestim
1195 3087 1323 3152 siccatus
1363 3096 1409 3151 est
1469 3087 1538 3152 fons
1601 3085 1759 3172 sangumis
1789 3086 1853 3150 eius
1891 3095 1923 3152 et
1959 3085 2054 3152 sensit
2133 3107 2263 3174 corpore

356 3227 433 3277 ’tetta
469 3225 573 3287 gihaelad
608 3238 669 3273 were
711 3227 774 3273 hom
814 3225 869 3273 adle
1023 3221 1039 3284 Ἰ
1094 3225 1151 3273 stod
1195 3224 1230 3274 'ts
1247 3224 1296 3273 hat
1377 3229 1469 3286 ongatt
1544 3239 1576 3275 on
1611 3226 1668 3274 hina
1687 3224 1767 3274 aoltne
1802 3224 1839 3274 ’ta
1856 3224 1944 3273 mahts
1986 3223 2049 3274 sebe
2117 3224 2179 3274 ecda
2223 3225 2287 3272 trem

358 3308 430 3394 quia
468 3314 575 3368 sanata
602 3313 681 3368 esset
733 3327 752 3367 a
793 3303 894 3390 plaga.
938 3304 989 3372 30.
1011 3303 1052 3368 Et
1073 3303 1175 3370 statim
1196 3303 1284 3370 Iesus
1319 3325 1509 3392 cognoscens
1538 3305 1570 3369 in
1601 3305 1763 3392 semetipso
1802 3304 1947 3368 uirtutem
1975 3325 2053 3390 quae
2089 3303 2207 3368 exierat
2238 3302 2276 3368 de

363 3447 415 3494 him
450 3445 506 3493 etus
525 3443 620 3504 gicsrda
655 3449 681 3492 ιο
718 3441 785 3492 ’bam
802 3442 882 3489 tolchs
916 3441 946 3489 he
963 3440 1068 3501 gicwa’o
1102 3442 1180 3492 hwelc
1231 3442 1292 3492 hren
1377 3442 1500 3504 glwodum
1551 3441 1648 3490 minum
1901 3441 2005 3490 eusdun
2064 3442 2117 3490 blm
2169 3440 2266 3504 ’tegnas

356 3523 410 3587 illo
452 3543 619 3586 conuersus
649 3521 690 3585 ad
737 3521 859 3585 turbam
942 3521 1042 3584 aiebat
1104 3520 1172 3605 quis
1215 3521 1316 3609 tetigit
1349 3521 1530 3588 uestimenta
1560 3521 1652 3588 mea?
1715 3522 1765 3586 31.
1797 3520 1840 3586 Et
1880 3521 2023 3586 dicebant
2073 3520 2103 3585 ei
2147 3521 2287 3610 discipuli

356 3661 394 3710 his
410 3661 421 3709 1
440 3660 493 3710 bns
529 3659 567 3709 ’bu
585 3659 645 3720 gisia
680 3658 749 3710 bona
767 3658 843 3708 'treet
928 3659 1067 3720 {ringendo
1154 3673 1186 3708 on
1207 3658 1256 3710 ’tac
1293 3656 1310 3718 Ἰ
1349 3659 1387 3709 ’su
1400 3659 1499 3709 cws'tes
1533 3659 1587 3707 hwa
1621 3673 1674 3707 mee
1715 3659 1802 3720 glhran
1970 3656 1986 3719 Ἰ
2058 3659 2116 3720 ymb
2135 3657 2261 3706 saecunda

297 3741 336 3806 15
398 3741 445 3804 sui
543 3739 628 3805 uides
691 3741 814 3804 turbam
866 3739 1119 3826 comprimentem
1187 3747 1218 3802 tc
1280 3747 1312 3804 et
1383 3738 1458 3804 dicis
1526 3739 1595 3824 quis
1622 3758 1673 3802 me
1706 3737 1830 3825 tetigit?
1878 3737 1928 3802 32.
1955 3735 1997 3800 Et
2027 3735 2288 3824 circumspiciebat

355 3901 381 3943 to
399 3897 497 3956 giseans
533 3893 601 3942 hiat
619 3894 656 3944 'ba
673 3896 719 3943 ilos
764 3894 800 3945 ile
852 3894 896 3945 'tis
948 3893 1013 3955 (lydo
1181 3891 1270 3968 “livit
1302 3891 1402 3944 wutudr
1436 3891 1560 3942 ondrcord
1593 3890 1609 3952 Ἰ
1661 3891 1774 3940 torhtada
1832 3893 1902 3940 vista
1960 3888 2012 3967 “pta
2056 3891 2182 3952 &worden
2225 3903 2286 3938 were

380 3974 485 4038 uidere
599 3995 666 4038 eam
747 3995 826 4061 quae
847 3975 908 4039 hoc
927 3974 1051 4039 fecerat
1093 3973 1144 4039 33.
1166 3973 1281 4039 Mulier
1318 3993 1394 4037 uero
1442 3971 1553 4047 timens
1586 3979 1617 4037 et
1647 3980 1782 4036 tremens
1812 3970 1912 4035 sciens
1943 3969 2026 4056 quod
2063 3971 2178 4034 tactum
2209 3977 2287 4035 esset

358 4131 385 4178 in
420 4128 459 4177 hir
500 4141 554 4175 com
603 4125 618 4186 Ἰ
678 4129 753 4188 gilsol
805 4130 886 4178 bifora
928 4129 981 4176 him
1023 4125 1039 4188 Ἰ
1083 4127 1161 4178 evat
1195 4128 1247 4176 him
1299 4128 1376 4176 allum
1422 4124 1498 4176 oasa
1516 4124 1621 4176 sososts
1779 4123 1809 4172 he
1850 4123 1948 4174 wutndt
1988 4122 2066 4173 οπο
2106 4123 2159 4172 him
2200 4123 2287 4173 dohtar

357 4210 389 4272 in
421 4230 455 4272 sc
481 4207 565 4272 uenit
593 4216 622 4272 et
649 4207 782 4294 procidit
809 4217 879 4272 ante
918 4229 989 4273 eum
1016 4217 1047 4273 et
1084 4207 1163 4272 dixit
1204 4208 1232 4272 ei
1275 4227 1398 4271 omnem
1440 4205 1609 4272 ueritatem.
1677 4204 1727 4270 34.
1758 4203 1818 4269 Ille
1846 4214 1948 4270 autem
1983 4204 2061 4268 dixit
2114 4205 2141 4269 ei
2201 4203 2265 4268 lilia

355 4364 444 4424 gilcota
479 4361 528 4411 ’tin
564 4361 613 4412 'tec
674 4360 729 4410 hale
782 4360 873 4423 gldydc
908 4375 973 4424 gorg
1007 4362 1035 4410 ln
1069 4363 1138 4411 slbbe
1171 4358 1187 4421 Ἰ
1223 4373 1273 4409 was
1316 4361 1356 4408 hal
1399 4362 1463 4409 hom
1496 4360 1552 4408 adia
1594 4358 1660 4409 ’einh
1777 4359 1813 4410 ’ta
1831 4372 1910 4420 gaona
1942 4359 1972 4407 ho
2007 4358 2140 4421 sprecands
2181 4373 2269 4409 comos

356 4443 433 4507 fides
477 4451 531 4504 tua
572 4451 602 4505 te
644 4441 762 4506 saluam
792 4441 863 4505 feeit
902 4440 980 4504 uade
1005 4439 1038 4503 in
1068 4461 1144 4526 pace
1169 4449 1200 4504 et
1219 4449 1284 4505 esto
1305 4461 1380 4504 sana
1421 4462 1441 4503 a
1481 4439 1574 4527 plaga
1596 4450 1658 4504 tua.
1700 4439 1750 4504 35.
1782 4438 1899 4504 Adhuc
1935 4458 1973 4503 eo
1994 4438 2140 4523 loquente
2158 4437 2287 4502 ueniunt

356 4598 419 4644 from
454 4595 508 4645 ’tas
526 4597 618 4644 folches
636 4608 801 4656 somnungum
843 4594 977 4644 cue'tende
1026 4595 1119 4645 turbon
1155 4593 1241 4644 dchtcr
1281 4593 1330 4644 bin
1391 4593 1456 4643 deod
1497 4619 1500 4626 ⁴
1529 4595 1551 4642 is
1590 4592 1663 4642 hwat
1696 4593 1782 4656 lengi
1799 4592 1891 4644 lorbur
1928 4597 2037 4654 styrsstn
2106 4590 2176 4642 bona
2193 4592 2268 4640 leros

366 4675 404 4740 ab
504 4676 754 4762 archisynagogo
839 4673 974 4739 dicentes
1034 4675 1105 4760 quia
1167 4674 1231 4738 filia
1278 4683 1330 4738 tua
1361 4683 1482 4737 mortua
1513 4683 1560 4738 est
1591 4672 1665 4760 quid
1754 4673 1836 4737 ultra
1935 4693 2031 4737 uexas
2081 4669 2286 4758 magistrum?

434 4828 468 4877 'te
486 4829 534 4877 hat
568 4829 665 4878 wutudl
717 4828 783 4876 word
837 4827 914 4878 tarta
948 4828 1073 4890 glowedan
1091 4842 1147 4877 was
1181 4829 1281 4890 giharda
1315 4827 1393 4878 cwae'b
1427 4833 1454 4878 to
1473 4827 1540 4878 ’tam
1557 4826 1751 4876 hehaldurmann
1794 4826 1859 4876 nolle
1878 4825 1917 4876 ’tu
1952 4823 1987 4875 ’ba
2007 4822 2116 4876 oadrada
2167 4824 2198 4872 ah
2216 4823 2270 4874 'tat

296 4911 337 4974 20
359 4910 408 4974 36.
437 4909 524 4972 Iesus
566 4919 668 4974 autem
700 4908 796 4973 uerbo
829 4908 913 4994 quod
965 4907 1123 4972 dicebatur
1174 4907 1277 4972 audito
1336 4906 1379 4970 ait
1459 4908 1710 4995 archisynagogo
1824 4904 1889 4970 noli
1978 4904 2088 4969 timere
2155 4913 2286 4968 tantum-

363 5076 410 5112 ana
428 5077 463 5111 nu
498 5063 583 5122 giletus
725 5060 741 5123 Ἰ
787 5076 818 5112 nc
871 5064 965 5124 galcort
1007 5065 1102 5124 anigno
1119 5075 1213 5110 manno
1247 5067 1273 5111 to
1300 5063 1414 5124 lylganne
1432 5062 1443 5111 1
1459 5062 1526 5122 tylge
1544 5061 1595 5110 him
1633 5061 1695 5108 buta
1751 5065 1820 5122 patra
1870 5055 1887 5119 Ἰ
1954 5058 2039 5106 ιιοοιο
2095 5054 2112 5118 Ἰ
2192 5059 2235 5107 loh

358 5144 452 5208 modo
495 5142 596 5206 crede.
638 5143 689 5208 37.
710 5142 752 5207 Et
773 5165 835 5206 non
860 5143 981 5206 admisit
1023 5163 1208 5228 quemquam
1250 5163 1283 5206 se
1406 5141 1494 5228 sequi
1638 5139 1694 5204 nisi
1717 5138 1845 5204 Petrum
1867 5148 1897 5204 et
1917 5136 2068 5204 Iacobum
2088 5147 2119 5203 et
2138 5143 2286 5204 Ioannem

378 5297 472 5347 brobor
514 5298 611 5345 incohes
751 5293 767 5356 Ἰ
822 5311 911 5346 comnn
963 5303 989 5346 to
1042 5295 1131 5344 husnm
1174 5294 1228 5345 'tas
1246 5295 1418 5344 aldermannus
1461 5290 1477 5354 Ἰ
1522 5292 1598 5354 gisaeh
1642 5292 1678 5343 'oa
1693 5305 1815 5354 wsnnnga
1848 5291 1866 5355 Ἰ
1901 5292 2049 5356 woepsnds'
2078 5288 2095 5351 Ἰ
2140 5291 2269 5341 manenda

358 5379 484 5442 fratrem
505 5375 621 5442 Iacobi.
664 5375 716 5440 38.
738 5374 780 5439 Et
806 5377 932 5440 ueniunt
963 5375 995 5437 in
1023 5374 1150 5439 domum
1175 5373 1416 5461 archisynagogi
1452 5384 1482 5439 et
1520 5373 1596 5439 uidit
1642 5373 1808 5439 tumultum
1839 5382 1869 5439 et
1914 5373 2021 5438 flentes
2070 5382 2101 5438 ct
2138 5370 2286 5438 eiulantes
