4980 6304
1083 401 1328 476 „53-

232 613 285 647 com
331 607 358 648 to
400 599 459 648 him.
601 597 617 660 Ἰ
647 599 870 648 ondsworadehlm
892 597 984 649 hahet
1017 600 1096 650 carah
1187 601 1258 649 haut
1275 602 1363 662 wyittu
1386 599 1489 676 piatio
1533 599 1607 661 gidoa
1689 599 1724 648 'ta
1734 599 1820 648 blinda
1846 599 1978 650 'studitae
1996 599 2074 650 απυδ
2091 601 2144 649 him

218 679 300 742 uenit
325 676 365 741 ad
393 699 472 742 eum.
515 679 566 744 bl.
589 677 631 743 Et
667 679 856 766 respondens
896 679 986 744 Iesus
1022 679 1101 744 dixit
1120 679 1164 743 illi
1187 679 1261 765 quid
1302 679 1348 742 uis
1400 680 1456 744 tibi
1507 677 1642 743 faciam?
1700 700 1807 742 caecus
1858 688 1960 744 autem
1993 679 2072 744 dixit
2102 679 2131 744 ei

217 816 291 864 larow
309 816 374 876 good
402 813 488 892 ῇῐαία
531 817 593 877 gisia
739 816 831 866 bahal
857 817 991 866 wutndlioa
1009 816 1086 867 evah
1104 817 1192 866 tohim
1218 831 1264 878 gas
1302 817 1390 876 gilaata
1426 817 1474 867 'tin
1504 817 1553 868 ’teo
1610 817 1683 866 haiue
1718 817 1803 878 gidoes
1838 815 1854 876 Ἰ
1925 829 1987 864 aona
2068 817 2143 875 giaah

226 893 368 958 Rabboni
423 905 458 970 nt
498 895 629 960 uideam.
670 897 722 960 52.
744 895 832 960 Iesus
879 907 981 960 autem
1027 898 1070 961 ait
1123 895 1169 960 illi
1202 895 1389 960 uade'fides
1419 907 1472 963 tua
1511 909 1541 961 te
1576 895 1697 966 saluum
1723 895 1803 959 iecit.
1825 905 1856 959 ct
1877 893 2038 961 confestim
2066 894 2142 958 uidit

222 1029 237 1091 Ἰ
311 1031 405 1094 tyligde
491 1033 543 1080 hlm
586 1044 619 1080 on
663 1047 731 1094 areg.

217 1121 247 1174 et
274 1111 461 1197 sequebatur
488 1133 559 1176 eum
586 1111 620 1175 in
661 1111 720 1176 uia.

581 1246 598 1309 Ἰ
639 1249 736 1310 mltty
794 1257 821 1298 to
839 1251 1014 1313 gineolicadun
1097 1253 1243 1302 hiemsalem
1303 1248 1319 1311 Ἰ
1380 1251 1495 1300 bethania
1543 1257 1569 1299 to
1635 1265 1703 1302 mora
1765 1252 1915 1300 oelehoomea
1942 1251 2018 1299 sanda
2051 1257 2145 1312 twoege

340 1327 417 1416 Cap.
439 1327 498 1392 XJ.
521 1331 549 1392 1.
571 1327 613 1392 Et
650 1351 720 1394 cum
757 1332 1039 1419 appropinquarent
1064 1331 1276 1418 Ierosolymae
1296 1342 1326 1398 et
1346 1330 1517 1395 Bethaniae
1536 1332 1577 1395 ad
1597 1341 1733 1397 montem
1755 1329 1918 1396 Oliuarum
1938 1329 2031 1392 mittit
2059 1329 2136 1394 duos

217 1503 243 1548 ot
301 1499 413 1560 tegam
469 1501 508 1549 hia
624 1499 641 1561 Ἰ
678 1503 755 1553 caah
792 1502 858 1552 eam
893 1489 943 1562 gaa¹
972 1506 999 1552 iu
1072 1511 1154 1556 eastra
1239 1504 1291 1581 “pta
1345 1521 1446 1567 ougagn
1490 1509 1537 1556 iou
1572 1453 1665 1566 illlata)
1699 1501 1716 1563 Ἰ
1752 1517 1814 1552 sona
1898 1503 2019 1564 ingougaa

217 1602 254 1644 ex
276 1579 434 1666 discipulis
454 1581 517 1643 suis
565 1581 594 1644 2.
616 1589 646 1644 et
693 1582 735 1645 ait
793 1583 854 1647 illis
895 1583 936 1647 ite
967 1582 999 1646 in
1027 1584 1187 1650 castellum
1222 1585 1306 1670 quod
1341 1595 1448 1648 eontra
1483 1607 1538 1648 uos
1570 1595 1616 1648 est
1689 1593 1719 1648 et
1737 1583 1838 1647 statim
1859 1583 2048 1646 introeuntes
2069 1580 2143 1644 illue
2184 1582 2204 1645 5

218 1719 269 1768 'tet
286 1731 316 1781 ge
334 1715 449 1767 onsmdas
485 1717 554 1768 hona
571 1718 622 1767 tola
655 1719 815 1781 gibandeune
865 1723 917 1768 oter
979 1719 1048 1770 hona
1114 1726 1165 1780 gart
1225 1725 1308 1783 uanig
1394 1733 1451 1769 mou
1538 1722 1620 1782 gisntt
1652 1720 1776 1769 unhindaa
1812 1718 1880 1768 ³tous
1938 1716 1953 1778 Ἰ
1996 1723 2022 1766 to
2040 1718 2142 1779 giladaa

257 1798 418 1862 inuenietis
492 1797 612 1884 pullum
671 1799 800 1884 ligatum
840 1820 933 1885 super
963 1820 1055 1884 quem
1086 1799 1188 1864 adhuc
1218 1823 1310 1865 nemo
1342 1799 1503 1864 homiuum
1540 1800 1618 1864 sedit
1656 1799 1766 1864 soluite
1799 1797 1886 1862 illum
1933 1807 1962 1861 et
1993 1797 2142 1861 adducite.

284 1934 299 1996 Ἰ
337 1937 375 1997 gii
407 1937 483 1984 hwelc
524 1937 571 1983 iou
624 1935 750 1986 hiewa’tes
784 1936 854 1983 haret
890 1935 960 1984 doa’t
977 1950 1006 1997 ge
1041 1935 1156 1985 croadas
1193 1937 1270 1987 'hatte
1320 1938 1417 1986 drihtue
1451 1939 1548 1986 bihoeia
1567 1938 1578 1985 i
1597 1935 1707 1986 neditari
1747 1937 1769 1984 is
1818 1930 1834 1993 Ἰ
1921 1948 1983 1982 sona
2077 1933 2134 1982 hina

217 2016 246 2080 3.
268 2013 309 2079 Et
339 2015 365 2078 si
410 2015 478 2101 quis
509 2015 598 2079 uobis
635 2013 747 2080 dixerit
789 2015 863 2101 quid
894 2013 1016 2080 facitis?
1058 2015 1149 2079 dicite
1202 2016 1274 2102 quia
1306 2015 1430 2080 domino
1485 2017 1672 2081 necessarius
1736 2024 1782 2079 est
1812 2023 1843 2077 et
1877 2013 2022 2077 continuo
2056 2011 2145 2075 illum

235 2155 334 2203 ronan
369 2153 440 2202 hider
557 2149 573 2212 Ἰ
633 2154 738 2203 soardnu
807 2154 936 2204 outundun
1011 2153 1062 2200 iola
1114 2153 1273 2214 gihuudanna
1307 2157 1387 2202 bifora
1424 2153 1480 2202 itan
1499 2153 1557 2202 doro
1598 2161 1639 2202 ute
1680 2159 1712 2201 at
1746 2165 1829 2210 woega
1841 2152 1919 2212 gileti
1952 2146 1969 2209 Ἰ
2006 2148 2145 2199 unhnudnu

217 2233 348 2298 dimittet
368 2233 437 2297 huc.
493 2231 586 2296 tEt
608 2233 754 2296 abeuntes
775 2231 960 2296 inuenerunt
979 2230 1100 2319 pullum
1130 2231 1259 2316 ligatum
1305 2241 1375 2296 aute
1423 2233 1547 2296 ianuam
1578 2233 1652 2296 foris
1674 2233 1706 2295 in
1790 2232 1873 2295 hiuio
1943 2239 1974 2294 et
2016 2229 2142 2294 soluunt

217 2369 275 2419 hina
406 2365 422 2430 Ἰ
482 2383 552 2418 suma
610 2371 637 2418 oi
670 2369 723 2420 'brer
757 2369 926 2420 stondandum
963 2371 1065 2419 eweduu
1113 2371 1164 2418 him
1203 2372 1274 2420 hwat
1315 2370 1374 2419 deas
1392 2385 1421 2433 ge
1471 2371 1595 2419 unhindas
1645 2369 1713 2418 bona
1731 2370 1782 2418 iola
1901 2368 1973 2418 ’taba
2015 2368 2118 2418 owadun

217 2472 297 2513 eum.
340 2451 370 2515 ὃ.
393 2447 434 2513 Et
455 2449 580 2536 quidam
601 2448 640 2512 de
668 2447 732 2511 illic
767 2449 917 2513 stantibus
945 2449 1087 2513 dicebant
1115 2449 1175 2513 illis
1210 2449 1284 2536 quid
1322 2449 1420 2514 facitis
1460 2451 1614 2514 soluentes
1649 2448 1793 2536 pullum?
1845 2447 1874 2511 6.
1906 2447 1968 2526 Qui
2002 2447 2147 2512 dixerunt

217 2589 270 2636 him
304 2603 354 2636 swa
393 2588 493 2650 gihaten
511 2587 590 2635 harde
624 2587 667 2634 hia
701 2585 735 2636 ’te
754 2587 802 2636 het
835 2585 852 2647 Ἰ
905 2588 1041 2636 torleortun
1085 2586 1141 2634 hine
1249 2584 1264 2646 Ἰ
1326 2587 1425 2635 ladduu
1479 2588 1609 2636 'tonaiola
1643 2593 1669 2635 to
1705 2585 1771 2635 ham
1792 2585 1840 2634 nai
1873 2583 1890 2644 Ἰ
1937 2591 2054 2634 ousettnn
2089 2585 2146 2633 hine

217 2668 260 2730 eis
288 2667 368 2732 sicut
395 2674 593 2755 praeceperat
614 2664 674 2727 illis
704 2663 793 2731 Iesus
831 2676 861 2730 et
882 2667 1062 2731 dimiserunt
1083 2665 1135 2729 eis.
1178 2667 1206 2729 7.
1229 2664 1270 2732 Et
1289 2665 1446 2730 duxeruut
1478 2667 1597 2754 pullum
1632 2665 1672 2728 ad
1717 2664 1823 2728 Iesum
1861 2674 1891 2728 et
1911 2664 2073 2751 imponunt
2098 2664 2145 2727 illi
2167 2665 2206 2727 10

268 2805 364 2866 gigerlu
425 2803 464 2850 hia
506 2799 523 2862 Ἰ
578 2809 624 2850 sat
687 2805 739 2852 oter
798 2805 850 2852 him
970 2803 1016 2853 ’tio
1034 2817 1125 2862 manga
1159 2801 1292 2852 wutudlica
1360 2803 1456 2862 giwedo
1518 2803 1589 2852 hiera
1624 2803 1742 2852 hradduu
1759 2804 1771 2851 i
1787 2802 1877 2864 legdou
1913 2815 1946 2852 on
1981 2815 2050 2863 πασς
2084 2800 2147 2850 α’ὁαα

218 2885 398 2948 uestimenta
418 2905 473 2946 sua
501 2891 532 2946 et
562 2881 642 2946 sedit
666 2903 759 2970 super
784 2904 863 2946 eum.
907 2883 937 2948 8.
997 2881 1088 2946 Multi
1171 2891 1272 2946 autem
1315 2883 1495 2946 uestimenta
1526 2905 1581 2946 sua
1664 2892 1838 2947 strauerunt
1912 2882 1945 2944 in
1986 2881 2037 2944 uia
2087 2879 2140 2943 alii

219 3025 304 3074 houna
349 3023 384 3072 ’ta
401 3021 477 3084 twigu
512 3021 637 3085 gihegdun
654 3022 666 3068 t
682 3021 778 3070 reudnn
797 3020 833 3070 ’aa
850 3021 914 3082 tolga
950 3021 979 3068 ol
1019 3019 1085 3068 ’tam
1102 3025 1182 3067 treum
1216 3017 1232 3078 Ἰ
1300 3020 1400 3070 streduu
1480 3034 1512 3068 on
1550 3019 1616 3070 ’tone
1629 3034 1698 3082 woeg
1823 3016 1839 3079 Ἰ
1878 3017 1957 3068 ’tabe
1990 3022 2042 3068 tore
2062 3019 2144 3068 codun

217 3115 320 3169 autem
346 3103 472 3168 frondes
637 3100 805 3166 caedebant
940 3099 978 3163 de
1019 3099 1180 3163 arboribus
1213 3109 1243 3163 et
1272 3100 1449 3163 sternebant
1476 3099 1508 3162 in
1593 3099 1650 3163 uia.
1757 3099 1785 3163 9,
1807 3098 1849 3163 Et
1891 3098 1945 3185 qui
1985 3097 2145 3186 praeibant
2245 3093 2248 3110 '

225 3238 242 3300 Ἰ
280 3237 361 3289 'tabe
432 3237 547 3300 tyligdun
631 3237 766 3299 cliopaduu
807 3236 943 3285 evehenda
977 3239 1002 3286 ia
1019 3237 1065 3286 hul
1083 3238 1138 3286 vaih
1267 3252 1293 3286 aa
1311 3238 1432 3298 giblatsad
1468 3237 1530 3286 se’ta
1566 3253 1621 3287 eom
1679 3239 1706 3286 in
1765 3250 1839 3286 noma
1908 3235 2018 3284 drihtnea
2086 3237 2123 3284 sio

217 3328 249 3383 et
290 3318 342 3405 qui
385 3317 592 3402 sequebantur
613 3316 786 3380 clamabant
808 3313 942 3378 dicentes
982 3313 1141 3378 Hosanna.
1186 3317 1234 3379 10.
1256 3315 1443 3382 Benedictus
1472 3319 1524 3403 qui
1554 3320 1639 3383 uenit
1675 3319 1707 3380 in
1746 3317 1870 3382 nomine
1904 3313 2020 3379 domini
2054 3315 2145 3378 beno

215 3457 339 3518 gibletsad
389 3454 416 3530 f,
483 3469 538 3504 eom
590 3455 618 3501 in
635 3456 684 3500 rice
737 3452 807 3500 iador
858 3465 915 3500 uses
958 3453 1068 3502 danitas
1103 3454 1128 3501 la
1145 3454 1190 3502 hal
1209 3454 1266 3502 usih
1300 3455 1326 3503 iu
1362 3456 1505 3505 heouisanm
1640 3451 1656 3514 Ἰ
1719 3455 1807 3504 ineode
1900 3454 2047 3504 hiemalem
2116 3455 2142 3500 iu

218 3533 333 3598 dictum
362 3535 445 3622 quod
468 3534 552 3598 uenit
572 3555 703 3620 reguum
722 3531 816 3618 patris
837 3533 933 3595 nostri
958 3532 1071 3596 Dauid.
1103 3531 1252 3596 Hosanna
1297 3535 1327 3596 in
1364 3534 1501 3598 excelsis.
1555 3538 1603 3598 ll.
1623 3534 1665 3599 Et
1692 3533 1830 3598 introiuit
1857 3532 2085 3620 lerosolymam
2112 3533 2145 3594 in

253 3674 344 3737 temple
400 3671 415 3733 Ἰ
461 3671 557 3732 miaty
576 3671 760 3732 ymhsoaowada
843 3670 877 3718 all
953 3669 1049 3731 mi’d’ty
1100 3685 1130 3732 ga
1198 3673 1264 3720 eiern
1321 3687 1375 3720 was
1460 3665 1604 3733 'giroarda
1634 3675 1661 3721 in
1717 3673 1833 3720 bethaula
1898 3671 1955 3720 mih
2011 3671 2122 3719 twalium

218 3753 369 3841 templum
392 3763 422 3816 et
497 3751 723 3838 circumspectis
786 3749 926 3814 omuibus
968 3772 1038 3814 cum
1076 3749 1137 3814 iarn
1160 3772 1287 3837 uespera
1309 3761 1387 3816 osset
1405 3751 1482 3816 hora
1514 3753 1587 3816 exiit
1625 3752 1657 3814 iu
1679 3751 1861 3815 Bethaniam
1883 3773 1953 3814 cum
1973 3749 2144 3814 duodecim.
2166 3750 2206 3813 15

300 3889 317 3951 Ἰ
361 3890 424 3940 obre
460 3890 526 3950 dege
565 3888 661 3949 mi’b'hy
700 3887 806 3937 toerduu
841 3891 904 3936 from
963 3889 1038 3936 hetha
1097 3887 1245 3950 gihyuerede
1369 3885 1500 3950 lmi’t'dy
1552 3888 1626 3948 gisah
1704 3888 1783 3936 teorra
1836 3885 1891 3936 ’doit
1908 3887 2014 3936 tieheom
2055 3887 2121 3935 hah-

221 3971 269 4035 12.
292 3969 333 4034 Et
360 3969 421 4033 alia
467 3968 516 4032 die
579 3989 648 4031 cnm
696 3967 818 4031 exirent
865 3989 883 4030 a
925 3967 1076 4034 Bethania
1119 3968 1231 4032 esuriit.
1297 3967 1344 4031 13.
1367 3963 1508 4054 Cumque
1529 3967 1655 4030 uidisset
1675 3989 1693 4028 a
1715 3965 1808 4053 longe
1876 3967 1970 4032 ficum
2030 3967 2146 4032 habeu-

220 4108 299 4164 hende
340 4109 392 4155 leot
430 4119 484 4155 com
524 4106 562 4166 gii
594 4121 623 4167 ga
641 4104 711 4152 hwat
746 4105 812 4154 aa'ta
875 4105 971 4166 gimitta
1036 4107 1062 4152 in
1098 4103 1165 4154 ham
1199 4101 1215 4164 Ἰ
1262 4103 1359 4166 mieey
1416 4118 1505 4152 comuu
1565 4110 1591 4152 to
1645 4103 1710 4153 ham
1750 4105 1844 4154 nowiht
1886 4105 1975 4154 inland
2043 4106 2124 4154 butun

219 4199 282 4253 tem
323 4187 397 4251 folia
418 4185 502 4249 uenit
529 4185 554 4247 si
614 4183 692 4269 ¹quid
738 4185 819 4247 forto
848 4183 1000 4249 inueniret
1030 4186 1061 4247 in
1114 4206 1150 4248 ea
1196 4193 1227 4247 et
1274 4205 1345 4247 eum
1392 4184 1524 4248 uenisset
1558 4182 1597 4246 ad
1645 4205 1712 4248 eam
1756 4183 1834 4246 nihil
1872 4183 1990 4248 inuenit
2025 4193 2148 4271 praeter

220 4342 312 4391 ieotnm
348 4353 378 4388 ua
413 4337 506 4388 {othon
543 4351 596 4385 was
664 4337 701 4385 tid
762 4337 824 4386 ’tara
841 4337 963 4385 frebeoma
1088 4333 1104 4396 Ἰ
1159 4336 1318 4386 ondsworada
1358 4337 1435 4388 aureli
1471 4339 1522 4386 him
1557 4337 1654 4386 wutudt
1697 4352 1729 4387 uo
1814 4339 1870 4398 lang
1931 4339 1959 4386 in
2028 4337 2121 4386 acuisse

221 4421 303 4486 folia.
334 4419 501 4482 nonenim
533 4425 598 4482 erat
619 4425 739 4502 tempus
803 4417 941 4481 ficorum.
1006 4419 1053 4480 14.
1076 4416 1118 4480 Et
1139 4416 1330 4503 respondens
1353 4416 1430 4479 dixit
1481 4417 1509 4481 ei
1572 4417 1632 4480 iam
1676 4439 1739 4480 non
1771 4416 1901 4504 amplius
1927 4419 1958 4479 iu
1987 4427 2146 4481 aeternum

239 4575 303 4636 auig
318 4587 376 4622 mon
411 4575 474 4620 irem
510 4571 544 4622 ’aa
579 4577 684 4620 vastem
776 4571 837 4620 atuh
928 4569 943 4630 Ἰ
1005 4571 1127 4630 gihardun
1192 4570 1285 4630 tegnas
1343 4571 1381 4618 hia
1517 4566 1533 4628 Ἰ
1588 4585 1676 4620 comou
1780 4576 1806 4618 to
1824 4569 1880 4617 hlei
1986 4569 2003 4631 Ἰ
2049 4570 2145 4633 mieey

222 4655 383 4741 quisquam
420 4674 457 4716 ex
510 4661 541 4716 te
562 4652 694 4715 fructum
715 4649 886 4715 manducet.
918 4661 948 4715 et
973 4651 1139 4715 audiebant
1159 4649 1301 4737 discipuli
1323 4651 1394 4714 eius.
1438 4649 1486 4714 15.
1508 4645 1549 4711 Et
1570 4649 1698 4713 ueniunt
1715 4649 1949 4734 lerosolymam.
1979 4659 2009 4714 et
2066 4673 2136 4715 cum

230 4803 364 4855 inioerdun
451 4805 519 4854 ³tone
536 4806 629 4868 tampel
664 4817 743 4864 ougan
779 4804 882 4852 tordriia
917 4805 952 4852 ’ha
970 4804 1121 4865 hihyoceude
1156 4802 1171 4863 Ἰ
1210 4803 1246 4852 'ta
1263 4804 1398 4864 hihycauda
1416 4803 1468 4864 (aial
1504 4805 1531 4850 iu
1577 4805 1668 4866 temple
1718 4801 1735 4863 Ἰ
1788 4803 1868 4852 haedo
1928 4803 1990 4853 'tara
2007 4810 2133 4866 myuetara

223 4887 378 4951 introisset
399 4886 430 4950 in
463 4883 612 4970 templum
655 4887 756 4971 eoepit
777 4884 886 4947 eiicere
936 4883 1102 4948 uendentes
1155 4893 1185 4946 et
1237 4893 1373 4946 ementes
1504 4883 1535 4945 in
1562 4883 1677 4969 templo
1706 4893 1736 4945 et
1763 4903 1884 4947 mensas
1905 4883 2147 4948 numulariorum
2168 4885 2210 4948 20

230 5035 246 5097 Ἰ
309 5039 399 5087 aeotlaa
476 5037 640 5098 hihyeeendra
693 5039 727 5088 ita
745 5039 840 5086 culuira
875 5037 971 5085 oteerde
988 5036 1000 5083 i
1016 5027 1083 5084 idrat
1205 5035 1221 5095 Ἰ
1275 5051 1306 5084 ue
1355 5034 1445 5096 gilatda
1478 5034 1531 5111 “pto
1588 5037 1652 5098 reuig
1710 5036 2073 5086 oiartaereudettreraudewere
2108 5039 2150 5085 iat

223 5129 253 5182 et
273 5117 434 5182 cathedras
457 5116 655 5181 uendentium
685 5116 842 5181 columbas
919 5116 1036 5180 euertit.
1123 5115 1170 5178 16.
1192 5115 1233 5178 Et
1255 5137 1316 5178 uon
1340 5113 1460 5178 sinebat
1487 5125 1521 5178 ut
1549 5116 1678 5200 quisque
1801 5116 1980 5180 transferret
2094 5137 2148 5180 uas

224 5270 285 5320 'terh
314 5270 470 5333 §attempel
591 5268 608 5330 Ἰ
671 5271 742 5318 harde
787 5269 924 5320 ewehende
960 5270 1011 5317 him
1045 5271 1075 5316 ah
1092 5283 1123 5318 ne
1177 5270 1279 5316 awriten
1332 5271 1353 5315 is
1393 5267 1445 5340 pte
1513 5267 1560 5315 hus
1621 5269 1672 5316 min
1733 5269 1779 5316 hus
1848 5267 1948 5330 gihedea
1983 5269 2083 5330 gtcsged
2101 5269 2149 5318 hi’t

223 5371 278 5440 per
311 5351 470 5438 templum.
504 5351 552 5413 17.
574 5349 615 5413 Et
635 5347 765 5412 docebat
806 5349 910 5412 diceus
961 5349 1005 5411 eis
1026 5369 1128 5413 nonne
1147 5347 1295 5434 scriptum
1317 5356 1362 5410 est
1384 5346 1455 5432 quia
1474 5346 1583 5410 domus
1603 5367 1672 5410 mea
1693 5347 1803 5411 domus
1823 5348 1968 5412 orationis
1989 5347 2151 5413 uocabitur
