<?xml version="1.0" encoding="UTF-8"?>
<!DOCTYPE html PUBLIC "-//W3C//DTD XHTML 1.0 Transitional//EN"
    "http://www.w3.org/TR/xhtml1/DTD/xhtml1-transitional.dtd">
<html xmlns="http://www.w3.org/1999/xhtml" xml:lang="en" lang="en">
 <head>
  <title>
</title>
<meta http-equiv="Content-Type" content="text/html;charset=utf-8" />
  <meta name='ocr-system' content='tesseract 3.04.00' />
  <meta name='ocr-capabilities' content='ocr_page ocr_carea ocr_par ocr_line ocrx_word'/>
</head>
<body>
  <div class='ocr_page' id='page_1' title='image "./screadungaanglo02boutgoog_0025.png"; bbox 0 0 4980 6304; ppageno 0'>
   <div class='ocr_carea' id='block_1_1' title="bbox 1102 400 1351 476">
    <p class='ocr_par' dir='ltr' id='par_1_1' title="bbox 1102 400 1351 476">
     <span class='ocr_line' id='line_1_1' title="bbox 1102 400 1351 476; baseline -0.004 -22"><span class='ocrx_word' id='word_1_1' title='bbox 1102 400 1351 476; x_wconf 66' lang='lat'><strong>..15-</strong></span> 
     </span>
    </p>
   </div>
   <div class='ocr_carea' id='block_1_2' title="bbox 221 617 2123 749">
    <p class='ocr_par' dir='ltr' id='par_1_2' title="bbox 221 617 2123 749">
     <span class='ocr_line' id='line_1_2' title="bbox 221 617 2123 749; baseline -0.001 -25"><span class='ocrx_word' id='word_1_2' title='bbox 221 625 223 630; x_wconf 26' lang='grc'>1</span> <span class='ocrx_word' id='word_1_3' title='bbox 261 674 366 724; x_wconf 79' lang='lat' dir='ltr'><strong>mudum</strong></span> <span class='ocrx_word' id='word_1_4' title='bbox 399 670 474 749; x_wconf 62' lang='lat' dir='ltr'><strong>‘phe</strong></span> <span class='ocrx_word' id='word_1_5' title='bbox 507 617 575 736; x_wconf 60' lang='lat' dir='ltr'><strong>word</strong></span> <span class='ocrx_word' id='word_1_6' title='bbox 629 670 677 720; x_wconf 86' lang='lat' dir='ltr'><strong>trio</strong></span> <span class='ocrx_word' id='word_1_7' title='bbox 735 667 803 718; x_wconf 75' lang='lat' dir='ltr'><strong>eus&#39;o</strong></span> <span class='ocrx_word' id='word_1_8' title='bbox 833 666 904 717; x_wconf 68' lang='lat' dir='ltr'><strong>dede</strong></span> <span class='ocrx_word' id='word_1_9' title='bbox 939 666 1042 728; x_wconf 59' lang='lat' dir='ltr'><strong>wyrste</strong></span> <span class='ocrx_word' id='word_1_10' title='bbox 1112 680 1190 730; x_wconf 80' lang='lat' dir='ltr'><strong>synna</strong></span> <span class='ocrx_word' id='word_1_11' title='bbox 1244 666 1401 718; x_wconf 70' lang='lat' dir='ltr'><strong>enarres·</strong></span> <span class='ocrx_word' id='word_1_12' title='bbox 1434 667 1457 716; x_wconf 86' lang='lat' dir='ltr'><strong>is</strong></span> <span class='ocrx_word' id='word_1_13' title='bbox 1516 681 1608 729; x_wconf 77' lang='lat' dir='ltr'><strong>synnes</strong></span> <span class='ocrx_word' id='word_1_14' title='bbox 1639 666 1655 729; x_wconf 72' lang='grc' dir='ltr'><strong><em>Ἰ</em></strong></span> <span class='ocrx_word' id='word_1_15' title='bbox 1683 669 1765 719; x_wconf 84' lang='lat' dir='ltr'><strong>bituih</strong></span> <span class='ocrx_word' id='word_1_16' title='bbox 1791 668 1855 720; x_wconf 70' lang='lat' dir='ltr'><strong>adro</strong></span> <span class='ocrx_word' id='word_1_17' title='bbox 1888 670 1986 732; x_wconf 76' lang='lat' dir='ltr'><strong>menige</strong></span> <span class='ocrx_word' id='word_1_18' title='bbox 2037 671 2123 723; x_wconf 84' lang='lat' dir='ltr'><strong>dlobnl</strong></span> 
     </span>
    </p>
   </div>
   <div class='ocr_carea' id='block_1_3' title="bbox 235 746 2156 836">
    <p class='ocr_par' dir='ltr' id='par_1_3' title="bbox 235 746 2156 836">
     <span class='ocr_line' id='line_1_3' title="bbox 235 746 2156 836; baseline 0 -17"><span class='ocrx_word' id='word_1_19' title='bbox 235 753 377 819; x_wconf 87' lang='lat' dir='ltr'><strong>dentibus</strong></span> <span class='ocrx_word' id='word_1_20' title='bbox 422 773 457 817; x_wconf 93' lang='lat' dir='ltr'><strong>se</strong></span> <span class='ocrx_word' id='word_1_21' title='bbox 507 772 575 816; x_wconf 89' lang='lat' dir='ltr'><strong>esse</strong></span> <span class='ocrx_word' id='word_1_22' title='bbox 594 749 709 816; x_wconf 86' lang='lat' dir='ltr'><strong>liberos</strong></span> <span class='ocrx_word' id='word_1_23' title='bbox 729 746 802 812; x_wconf 88' lang='lat' dir='ltr'><strong>dicit</strong></span> <span class='ocrx_word' id='word_1_24' title='bbox 839 747 892 836; x_wconf 91' lang='lat' dir='ltr'><strong>qui</strong></span> <span class='ocrx_word' id='word_1_25' title='bbox 951 746 1025 811; x_wconf 81' lang='lat' dir='ltr'><strong>facit</strong></span> <span class='ocrx_word' id='word_1_26' title='bbox 1060 755 1219 834; x_wconf 85' lang='lat' dir='ltr'><strong>peceatum</strong></span> <span class='ocrx_word' id='word_1_27' title='bbox 1272 769 1383 814; x_wconf 90' lang='lat' dir='ltr'><strong>seruus</strong></span> <span class='ocrx_word' id='word_1_28' title='bbox 1420 755 1467 812; x_wconf 88' lang='lat' dir='ltr'><strong>est</strong></span> <span class='ocrx_word' id='word_1_29' title='bbox 1498 748 1615 834; x_wconf 85' lang='lat' dir='ltr'><strong>peccati</strong></span> <span class='ocrx_word' id='word_1_30' title='bbox 1635 756 1666 813; x_wconf 92' lang='lat' dir='ltr'><strong>et</strong></span> <span class='ocrx_word' id='word_1_31' title='bbox 1685 749 1764 814; x_wconf 84' lang='lat' dir='ltr'><strong>inter</strong></span> <span class='ocrx_word' id='word_1_32' title='bbox 1792 748 1852 813; x_wconf 89' lang='lat' dir='ltr'><strong>alia</strong></span> <span class='ocrx_word' id='word_1_33' title='bbox 1886 749 1983 815; x_wconf 87' lang='lat' dir='ltr'><strong>multa</strong></span> <span class='ocrx_word' id='word_1_34' title='bbox 1998 751 2156 819; x_wconf 88' lang='lat' dir='ltr'><strong>diabolum</strong></span> 
     </span>
    </p>
   </div>
   <div class='ocr_carea' id='block_1_4' title="bbox 235 882 2155 1053">
    <p class='ocr_par' dir='ltr' id='par_1_4' title="bbox 235 882 2155 1053">
     <span class='ocr_line' id='line_1_4' title="bbox 257 882 2140 950; baseline 0 -10"><span class='ocrx_word' id='word_1_35' title='bbox 257 889 402 950; x_wconf 66' lang='lat' dir='ltr'><strong>monnalaga</strong></span> <span class='ocrx_word' id='word_1_36' title='bbox 454 885 470 948; x_wconf 74' lang='grc' dir='ltr'><strong><em>Ἰ</em></strong></span> <span class='ocrx_word' id='word_1_37' title='bbox 511 888 642 949; x_wconf 69' lang='grc' dir='ltr'><strong>Ιοιιιιιιςιι</strong></span> <span class='ocrx_word' id='word_1_38' title='bbox 680 886 749 937; x_wconf 72' lang='lat' dir='ltr'><strong>’tono</strong></span> <span class='ocrx_word' id='word_1_39' title='bbox 767 886 842 935; x_wconf 74' lang='lat' dir='ltr'><strong>rader</strong></span> <span class='ocrx_word' id='word_1_40' title='bbox 887 883 1013 934; x_wconf 72' lang='lat' dir='ltr'><strong>rotome</strong></span> <span class='ocrx_word' id='word_1_41' title='bbox 1195 882 1258 932; x_wconf 70' lang='lat' dir='ltr'><strong>sedo</strong></span> <span class='ocrx_word' id='word_1_42' title='bbox 1339 883 1408 934; x_wconf 76' lang='lat' dir='ltr'><strong>word</strong></span> <span class='ocrx_word' id='word_1_43' title='bbox 1492 883 1575 934; x_wconf 76' lang='lat' dir='ltr'><strong>euoe&#39;o</strong></span> <span class='ocrx_word' id='word_1_44' title='bbox 1635 887 1687 934; x_wconf 85' lang='lat' dir='ltr'><strong>mtn</strong></span> <span class='ocrx_word' id='word_1_45' title='bbox 1764 886 1879 948; x_wconf 73' lang='lat' dir='ltr'><strong>gehaldes</strong></span> <span class='ocrx_word' id='word_1_46' title='bbox 1972 887 2039 938; x_wconf 62' lang='lat' dir='ltr'><strong>dead</strong></span> <span class='ocrx_word' id='word_1_47' title='bbox 2108 904 2140 940; x_wconf 86' lang='lat' dir='ltr'><strong>ne</strong></span> 
     </span>
     <span class='ocr_line' id='line_1_5' title="bbox 235 961 2155 1053; baseline 0.002 -21"><span class='ocrx_word' id='word_1_48' title='bbox 235 967 421 1034; x_wconf 78' lang='lat' dir='ltr'><strong>homicidam</strong></span> <span class='ocrx_word' id='word_1_49' title='bbox 446 977 477 1032; x_wconf 90' lang='lat' dir='ltr'><strong>et</strong></span> <span class='ocrx_word' id='word_1_50' title='bbox 502 965 653 1032; x_wconf 85' lang='lat' dir='ltr'><strong>mendacii</strong></span> <span class='ocrx_word' id='word_1_51' title='bbox 699 973 818 1053; x_wconf 75' lang='lat' dir='ltr'><strong>paoem</strong></span> <span class='ocrx_word' id='word_1_52' title='bbox 869 963 1019 1052; x_wconf 74' lang='lat' dir='ltr'><strong>adsignat.</strong></span> <span class='ocrx_word' id='word_1_53' title='bbox 1062 986 1170 1028; x_wconf 76' lang='lat' dir='ltr'><strong>xxma</strong></span> <span class='ocrx_word' id='word_1_54' title='bbox 1189 961 1254 1042; x_wconf 84' lang='lat' dir='ltr'><strong>Qui</strong></span> <span class='ocrx_word' id='word_1_55' title='bbox 1280 985 1454 1028; x_wconf 90' lang='lat' dir='ltr'><strong>sermonem</strong></span> <span class='ocrx_word' id='word_1_56' title='bbox 1481 964 1580 1051; x_wconf 90' lang='lat' dir='ltr'><strong>inquit</strong></span> <span class='ocrx_word' id='word_1_57' title='bbox 1605 986 1709 1031; x_wconf 89' lang='lat' dir='ltr'><strong>meum</strong></span> <span class='ocrx_word' id='word_1_58' title='bbox 1736 967 1907 1032; x_wconf 88' lang='lat' dir='ltr'><strong>seruauerit</strong></span> <span class='ocrx_word' id='word_1_59' title='bbox 1934 977 2066 1034; x_wconf 87' lang='lat' dir='ltr'><strong>mortem</strong></span> <span class='ocrx_word' id='word_1_60' title='bbox 2091 992 2155 1035; x_wconf 88' lang='lat' dir='ltr'><strong>non</strong></span> 
     </span>
    </p>
   </div>
   <div class='ocr_carea' id='block_1_5' title="bbox 234 1099 2156 1273">
    <p class='ocr_par' dir='ltr' id='par_1_5' title="bbox 234 1099 2156 1273">
     <span class='ocr_line' id='line_1_6' title="bbox 256 1099 2054 1176; baseline 0.001 -20"><span class='ocrx_word' id='word_1_61' title='bbox 256 1105 343 1168; x_wconf 70' lang='lat' dir='ltr'><strong>gerite</strong></span> <span class='ocrx_word' id='word_1_62' title='bbox 390 1107 418 1156; x_wconf 84' lang='lat' dir='ltr'><strong>in</strong></span> <span class='ocrx_word' id='word_1_63' title='bbox 484 1103 577 1154; x_wconf 72' lang='lat' dir='ltr'><strong>deuiam</strong></span> <span class='ocrx_word' id='word_1_64' title='bbox 642 1100 659 1162; x_wconf 70' lang='grc' dir='ltr'><strong><em>Ἰ</em></strong></span> <span class='ocrx_word' id='word_1_65' title='bbox 703 1102 785 1152; x_wconf 85' lang='lat' dir='ltr'><strong>bitoih</strong></span> <span class='ocrx_word' id='word_1_66' title='bbox 842 1101 906 1152; x_wconf 75' lang='lat' dir='ltr'><strong>o’oro</strong></span> <span class='ocrx_word' id='word_1_67' title='bbox 970 1103 1068 1162; x_wconf 76' lang='lat' dir='ltr'><strong>manige</strong></span> <span class='ocrx_word' id='word_1_68' title='bbox 1132 1113 1164 1149; x_wconf 71' lang='grc' dir='ltr'><strong>ιιι</strong></span> <span class='ocrx_word' id='word_1_69' title='bbox 1246 1102 1345 1150; x_wconf 80' lang='lat' dir='ltr'><strong>abraam</strong></span> <span class='ocrx_word' id='word_1_70' title='bbox 1387 1099 1440 1176; x_wconf 57' lang='lat' dir='ltr'><strong>pta</strong></span> <span class='ocrx_word' id='word_1_71' title='bbox 1475 1115 1536 1150; x_wconf 80' lang='lat' dir='ltr'><strong>wera</strong></span> <span class='ocrx_word' id='word_1_72' title='bbox 1582 1101 1655 1152; x_wconf 76' lang='lat' dir='ltr'><strong>cuae</strong></span> <span class='ocrx_word' id='word_1_73' title='bbox 1694 1103 1785 1164; x_wconf 77' lang='lat' dir='ltr'><strong>geeads</strong></span> <span class='ocrx_word' id='word_1_74' title='bbox 1824 1105 1852 1153; x_wconf 80' lang='lat' dir='ltr'><strong>ot</strong></span> <span class='ocrx_word' id='word_1_75' title='bbox 1885 1103 1951 1154; x_wconf 75' lang='lat' dir='ltr'><strong>’dem</strong></span> <span class='ocrx_word' id='word_1_76' title='bbox 1963 1108 2054 1171; x_wconf 85' lang='lat' dir='ltr'><strong>temple</strong></span> 
     </span>
     <span class='ocr_line' id='line_1_7' title="bbox 234 1177 2156 1273; baseline 0.002 -23"><span class='ocrx_word' id='word_1_77' title='bbox 234 1185 352 1252; x_wconf 88' lang='lat' dir='ltr'><strong>uidebit</strong></span> <span class='ocrx_word' id='word_1_78' title='bbox 381 1185 414 1248; x_wconf 88' lang='lat' dir='ltr'><strong>in</strong></span> <span class='ocrx_word' id='word_1_79' title='bbox 445 1193 603 1249; x_wconf 86' lang='lat' dir='ltr'><strong>aeternum</strong></span> <span class='ocrx_word' id='word_1_80' title='bbox 634 1193 665 1249; x_wconf 90' lang='lat' dir='ltr'><strong>et</strong></span> <span class='ocrx_word' id='word_1_81' title='bbox 701 1183 782 1248; x_wconf 90' lang='lat' dir='ltr'><strong>inter</strong></span> <span class='ocrx_word' id='word_1_82' title='bbox 816 1189 917 1246; x_wconf 87' lang='lat' dir='ltr'><strong>cetera</strong></span> <span class='ocrx_word' id='word_1_83' title='bbox 946 1180 1079 1269; x_wconf 88' lang='lat' dir='ltr'><strong>plurima</strong></span> <span class='ocrx_word' id='word_1_84' title='bbox 1109 1191 1181 1247; x_wconf 87' lang='lat' dir='ltr'><strong>ante</strong></span> <span class='ocrx_word' id='word_1_85' title='bbox 1206 1177 1369 1245; x_wconf 85' lang='lat' dir='ltr'><strong>Abraham</strong></span> <span class='ocrx_word' id='word_1_86' title='bbox 1397 1201 1431 1246; x_wconf 89' lang='lat' dir='ltr'><strong>se</strong></span> <span class='ocrx_word' id='word_1_87' title='bbox 1471 1201 1537 1246; x_wconf 87' lang='lat' dir='ltr'><strong>esse</strong></span> <span class='ocrx_word' id='word_1_88' title='bbox 1564 1181 1668 1248; x_wconf 89' lang='lat' dir='ltr'><strong>dicens</strong></span> <span class='ocrx_word' id='word_1_89' title='bbox 1690 1183 1786 1247; x_wconf 82' lang='lat' dir='ltr'><strong>exiuit</strong></span> <span class='ocrx_word' id='word_1_90' title='bbox 1816 1184 1855 1249; x_wconf 92' lang='lat' dir='ltr'><strong>de</strong></span> <span class='ocrx_word' id='word_1_91' title='bbox 1897 1186 2021 1273; x_wconf 91' lang='lat' dir='ltr'><strong>templo.</strong></span> <span class='ocrx_word' id='word_1_92' title='bbox 2081 1210 2156 1254; x_wconf 83' lang='lat' dir='ltr'><strong>xxv.</strong></span> 
     </span>
    </p>
   </div>
   <div class='ocr_carea' id='block_1_6' title="bbox 237 1303 2158 1490">
    <p class='ocr_par' dir='ltr' id='par_1_6' title="bbox 237 1303 2158 1490">
     <span class='ocr_line' id='line_1_8' title="bbox 237 1303 2141 1384; baseline 0 -10"><span class='ocrx_word' id='word_1_93' title='bbox 237 1323 306 1375; x_wconf 66' lang='lat' dir='ltr'><strong>dono</strong></span> <span class='ocrx_word' id='word_1_94' title='bbox 322 1322 411 1373; x_wconf 78' lang='lat' dir='ltr'><strong>blinda</strong></span> <span class='ocrx_word' id='word_1_95' title='bbox 446 1322 483 1371; x_wconf 79' lang='lat' dir='ltr'><strong>tro</strong></span> <span class='ocrx_word' id='word_1_96' title='bbox 521 1322 702 1371; x_wconf 74' lang='lat' dir='ltr'><strong>hnmaoenniss</strong></span> <span class='ocrx_word' id='word_1_97' title='bbox 736 1320 844 1382; x_wconf 78' lang='lat' dir='ltr'><strong>gohalsd</strong></span> <span class='ocrx_word' id='word_1_98' title='bbox 860 1333 912 1369; x_wconf 77' lang='lat' dir='ltr'><strong>aaa</strong></span> <span class='ocrx_word' id='word_1_99' title='bbox 954 1319 1007 1368; x_wconf 87' lang='lat' dir='ltr'><strong>leht</strong></span> <span class='ocrx_word' id='word_1_100' title='bbox 1046 1316 1166 1379; x_wconf 78' lang='lat' dir='ltr'><strong>mlddafig</strong></span> <span class='ocrx_word' id='word_1_101' title='bbox 1200 1316 1230 1366; x_wconf 89' lang='lat' dir='ltr'><strong>he</strong></span> <span class='ocrx_word' id='word_1_102' title='bbox 1266 1316 1339 1367; x_wconf 73' lang='lat' dir='ltr'><strong>cuab</strong></span> <span class='ocrx_word' id='word_1_103' title='bbox 1383 1303 1455 1367; x_wconf 75' lang='lat' dir='ltr'><strong>&#39;eom</strong></span> <span class='ocrx_word' id='word_1_104' title='bbox 1498 1315 1595 1379; x_wconf 77' lang='lat' dir='ltr'><strong>mreey</strong></span> <span class='ocrx_word' id='word_1_105' title='bbox 1664 1318 1798 1370; x_wconf 79' lang='lat' dir='ltr'><strong>tullchtado</strong></span> <span class='ocrx_word' id='word_1_106' title='bbox 1869 1325 1967 1384; x_wconf 74' lang='lat' dir='ltr'><strong>mentgo</strong></span> <span class='ocrx_word' id='word_1_107' title='bbox 2014 1323 2050 1374; x_wconf 73' lang='lat' dir='ltr'><strong>’ea</strong></span> <span class='ocrx_word' id='word_1_108' title='bbox 2069 1325 2141 1374; x_wconf 75' lang='lat' dir='ltr'><strong>caldo</strong></span> 
     </span>
     <span class='ocr_line' id='line_1_9' title="bbox 257 1395 2158 1490; baseline -0.001 -20"><span class='ocrx_word' id='word_1_109' title='bbox 257 1400 392 1470; x_wconf 82' lang='lat' dir='ltr'><strong>Caecum</strong></span> <span class='ocrx_word' id='word_1_110' title='bbox 452 1424 471 1465; x_wconf 92' lang='lat' dir='ltr'><strong>a</strong></span> <span class='ocrx_word' id='word_1_111' title='bbox 530 1401 687 1465; x_wconf 85' lang='lat' dir='ltr'><strong>natiuitate</strong></span> <span class='ocrx_word' id='word_1_112' title='bbox 737 1409 898 1464; x_wconf 81' lang='lat' dir='ltr'><strong>sanaturus</strong></span> <span class='ocrx_word' id='word_1_113' title='bbox 926 1398 1027 1463; x_wconf 88' lang='lat' dir='ltr'><strong>lucem</strong></span> <span class='ocrx_word' id='word_1_114' title='bbox 1046 1395 1154 1462; x_wconf 91' lang='lat' dir='ltr'><strong>mundi</strong></span> <span class='ocrx_word' id='word_1_115' title='bbox 1194 1418 1229 1462; x_wconf 90' lang='lat' dir='ltr'><strong>se</strong></span> <span class='ocrx_word' id='word_1_116' title='bbox 1260 1396 1333 1462; x_wconf 87' lang='lat' dir='ltr'><strong>dicit</strong></span> <span class='ocrx_word' id='word_1_117' title='bbox 1365 1417 1459 1482; x_wconf 90' lang='lat' dir='ltr'><strong>quem</strong></span> <span class='ocrx_word' id='word_1_118' title='bbox 1507 1418 1577 1461; x_wconf 91' lang='lat' dir='ltr'><strong>cum</strong></span> <span class='ocrx_word' id='word_1_119' title='bbox 1621 1395 1833 1465; x_wconf 78' lang='lat' dir='ltr'><strong>inluminasset</strong></span> <span class='ocrx_word' id='word_1_120' title='bbox 1866 1401 1963 1465; x_wconf 84' lang='lat' dir='ltr'><strong>multa</strong></span> <span class='ocrx_word' id='word_1_121' title='bbox 1990 1402 2158 1490; x_wconf 77' lang='lat' dir='ltr'><strong>pharisaeis</strong></span> 
     </span>
    </p>
   </div>
   <div class='ocr_carea' id='block_1_7' title="bbox 235 1533 2219 1702">
    <p class='ocr_par' dir='ltr' id='par_1_7' title="bbox 235 1533 2219 1702">
     <span class='ocr_line' id='line_1_10' title="bbox 235 1533 2158 1601; baseline 0.002 -13"><span class='ocrx_word' id='word_1_122' title='bbox 235 1538 293 1591; x_wconf 73' lang='lat' dir='ltr'><strong>mid</strong></span> <span class='ocrx_word' id='word_1_123' title='bbox 310 1539 523 1589; x_wconf 80' lang='lat' dir='ltr'><strong>unsibrumnisst</strong></span> <span class='ocrx_word' id='word_1_124' title='bbox 562 1537 709 1601; x_wconf 78' lang='lat' dir='ltr'><strong>gedroetedo</strong></span> <span class='ocrx_word' id='word_1_125' title='bbox 727 1548 821 1585; x_wconf 87' lang='lat' dir='ltr'><strong>uoaron</strong></span> <span class='ocrx_word' id='word_1_126' title='bbox 1003 1535 1152 1585; x_wconf 83' lang='lat' dir='ltr'><strong>roeeendum</strong></span> <span class='ocrx_word' id='word_1_127' title='bbox 1221 1535 1251 1585; x_wconf 88' lang='lat' dir='ltr'><strong>bs</strong></span> <span class='ocrx_word' id='word_1_128' title='bbox 1292 1535 1356 1583; x_wconf 77' lang='lat' dir='ltr'><strong>frona</strong></span> <span class='ocrx_word' id='word_1_129' title='bbox 1394 1533 1462 1584; x_wconf 63' lang='lat' dir='ltr'><strong>tam</strong></span> <span class='ocrx_word' id='word_1_130' title='bbox 1479 1534 1593 1584; x_wconf 81' lang='lat' dir='ltr'><strong>loliehtet</strong></span> <span class='ocrx_word' id='word_1_131' title='bbox 1644 1533 1722 1597; x_wconf 74' lang='lat' dir='ltr'><strong>cyerg</strong></span> <span class='ocrx_word' id='word_1_132' title='bbox 1772 1537 1967 1599; x_wconf 74' lang='lat' dir='ltr'><strong>gewor’oaduas</strong></span> <span class='ocrx_word' id='word_1_133' title='bbox 2095 1541 2158 1592; x_wconf 75' lang='lat' dir='ltr'><strong>ss&#39;te</strong></span> 
     </span>
     <span class='ocr_line' id='line_1_11' title="bbox 303 1613 2219 1702; baseline 0.002 -18"><span class='ocrx_word' id='word_1_134' title='bbox 303 1619 455 1684; x_wconf 78' lang='lat' dir='ltr'><strong>anxietate</strong></span> <span class='ocrx_word' id='word_1_135' title='bbox 622 1615 750 1682; x_wconf 86' lang='lat' dir='ltr'><strong>turbatis</strong></span> <span class='ocrx_word' id='word_1_136' title='bbox 842 1623 934 1702; x_wconf 85' lang='lat' dir='ltr'><strong>atque</strong></span> <span class='ocrx_word' id='word_1_137' title='bbox 966 1613 1181 1701; x_wconf 85' lang='lat' dir='ltr'><strong>quaerentibus</strong></span> <span class='ocrx_word' id='word_1_138' title='bbox 1201 1613 1267 1700; x_wconf 90' lang='lat' dir='ltr'><strong>ipse</strong></span> <span class='ocrx_word' id='word_1_139' title='bbox 1301 1613 1341 1678; x_wconf 90' lang='lat' dir='ltr'><strong>ab</strong></span> <span class='ocrx_word' id='word_1_140' title='bbox 1398 1613 1579 1679; x_wconf 88' lang='lat' dir='ltr'><strong>inluminate</strong></span> <span class='ocrx_word' id='word_1_141' title='bbox 1606 1615 1746 1701; x_wconf 84' lang='lat' dir='ltr'><strong>cognitus</strong></span> <span class='ocrx_word' id='word_1_142' title='bbox 1786 1615 1940 1682; x_wconf 88' lang='lat' dir='ltr'><strong>adoratur.</strong></span> <span class='ocrx_word' id='word_1_143' title='bbox 1983 1642 2071 1686; x_wconf 85' lang='lat' dir='ltr'><strong>xxvr.</strong></span> <span class='ocrx_word' id='word_1_144' title='bbox 2094 1619 2158 1700; x_wconf 84' lang='lat' dir='ltr'><strong>Qui</strong></span> <span class='ocrx_word' id='word_1_145' title='bbox 2198 1624 2219 1687; x_wconf 82' lang='lat'><strong>5</strong></span> 
     </span>
    </p>
   </div>
   <div class='ocr_carea' id='block_1_8' title="bbox 236 1743 2156 1921">
    <p class='ocr_par' dir='ltr' id='par_1_8' title="bbox 236 1743 2156 1921">
     <span class='ocr_line' id='line_1_12' title="bbox 252 1743 2142 1818; baseline -0.001 -13"><span class='ocrx_word' id='word_1_146' title='bbox 252 1768 284 1806; x_wconf 83' lang='lat' dir='ltr'><strong>ne</strong></span> <span class='ocrx_word' id='word_1_147' title='bbox 322 1755 416 1818; x_wconf 75' lang='lat' dir='ltr'><strong>tngae&#39;t</strong></span> <span class='ocrx_word' id='word_1_148' title='bbox 453 1755 526 1806; x_wconf 67' lang='lat' dir='ltr'><strong>anab</strong></span> <span class='ocrx_word' id='word_1_149' title='bbox 560 1756 588 1804; x_wconf 91' lang='lat' dir='ltr'><strong>in</strong></span> <span class='ocrx_word' id='word_1_150' title='bbox 622 1757 691 1818; x_wconf 78' lang='lat' dir='ltr'><strong>adpo</strong></span> <span class='ocrx_word' id='word_1_151' title='bbox 707 1755 761 1804; x_wconf 89' lang='lat' dir='ltr'><strong>loco</strong></span> <span class='ocrx_word' id='word_1_152' title='bbox 796 1751 858 1803; x_wconf 70' lang='lat' dir='ltr'><strong>’berh</strong></span> <span class='ocrx_word' id='word_1_153' title='bbox 899 1751 963 1800; x_wconf 89' lang='lat' dir='ltr'><strong>doru</strong></span> <span class='ocrx_word' id='word_1_154' title='bbox 1002 1749 1061 1800; x_wconf 75' lang='lat' dir='ltr'><strong>deut</strong></span> <span class='ocrx_word' id='word_1_155' title='bbox 1094 1751 1116 1800; x_wconf 87' lang='lat' dir='ltr'><strong>is</strong></span> <span class='ocrx_word' id='word_1_156' title='bbox 1150 1747 1217 1810; x_wconf 71' lang='lat' dir='ltr'><strong>Jha</strong></span> <span class='ocrx_word' id='word_1_157' title='bbox 1234 1763 1292 1799; x_wconf 86' lang='lat' dir='ltr'><strong>uera</strong></span> <span class='ocrx_word' id='word_1_158' title='bbox 1332 1748 1415 1799; x_wconf 69' lang='lat' dir='ltr'><strong>moad</strong></span> <span class='ocrx_word' id='word_1_159' title='bbox 1462 1751 1527 1799; x_wconf 87' lang='lat' dir='ltr'><strong>doru</strong></span> <span class='ocrx_word' id='word_1_160' title='bbox 1581 1746 1598 1810; x_wconf 72' lang='grc' dir='ltr'><strong><em>Ἰ</em></strong></span> <span class='ocrx_word' id='word_1_161' title='bbox 1675 1751 1760 1801; x_wconf 86' lang='lat' dir='ltr'><strong>hiords</strong></span> <span class='ocrx_word' id='word_1_162' title='bbox 1845 1755 1913 1817; x_wconf 81' lang='lat' dir='ltr'><strong>seips</strong></span> <span class='ocrx_word' id='word_1_163' title='bbox 1980 1743 2004 1802; x_wconf 71' lang='lat' dir='ltr'><strong>fe</strong></span> <span class='ocrx_word' id='word_1_164' title='bbox 2074 1753 2142 1805; x_wconf 75' lang='lat' dir='ltr'><strong>&#39;eam</strong></span> 
     </span>
     <span class='ocr_line' id='line_1_13' title="bbox 236 1828 2156 1921; baseline 0 -22"><span class='ocrx_word' id='word_1_165' title='bbox 236 1855 300 1900; x_wconf 93' lang='lat' dir='ltr'><strong>non</strong></span> <span class='ocrx_word' id='word_1_166' title='bbox 320 1834 414 1899; x_wconf 78' lang='lat' dir='ltr'><strong>intrat</strong></span> <span class='ocrx_word' id='word_1_167' title='bbox 432 1833 532 1921; x_wconf 89' lang='lat' dir='ltr'><strong>inquit</strong></span> <span class='ocrx_word' id='word_1_168' title='bbox 551 1835 585 1898; x_wconf 91' lang='lat' dir='ltr'><strong>in</strong></span> <span class='ocrx_word' id='word_1_169' title='bbox 652 1833 733 1899; x_wconf 86' lang='lat' dir='ltr'><strong>ouile</strong></span> <span class='ocrx_word' id='word_1_170' title='bbox 793 1853 851 1921; x_wconf 88' lang='lat' dir='ltr'><strong>per</strong></span> <span class='ocrx_word' id='word_1_171' title='bbox 871 1830 983 1895; x_wconf 86' lang='lat' dir='ltr'><strong>ostium</strong></span> <span class='ocrx_word' id='word_1_172' title='bbox 1002 1831 1054 1895; x_wconf 83' lang='lat' dir='ltr'><strong>fur</strong></span> <span class='ocrx_word' id='word_1_173' title='bbox 1077 1839 1123 1896; x_wconf 88' lang='lat' dir='ltr'><strong>est</strong></span> <span class='ocrx_word' id='word_1_174' title='bbox 1174 1850 1269 1917; x_wconf 91' lang='lat' dir='ltr'><strong>seque</strong></span> <span class='ocrx_word' id='word_1_175' title='bbox 1330 1828 1404 1894; x_wconf 89' lang='lat' dir='ltr'><strong>dicit</strong></span> <span class='ocrx_word' id='word_1_176' title='bbox 1433 1829 1603 1895; x_wconf 82' lang='lat' dir='ltr'><strong>ostiumst</strong></span> <span class='ocrx_word' id='word_1_177' title='bbox 1636 1839 1792 1918; x_wconf 85' lang='lat' dir='ltr'><strong>pastorem</strong></span> <span class='ocrx_word' id='word_1_178' title='bbox 1820 1832 1924 1896; x_wconf 90' lang='lat' dir='ltr'><strong>ouium</strong></span> <span class='ocrx_word' id='word_1_179' title='bbox 1954 1855 2012 1920; x_wconf 90' lang='lat' dir='ltr'><strong>pro</strong></span> <span class='ocrx_word' id='word_1_180' title='bbox 2045 1835 2156 1921; x_wconf 90' lang='lat' dir='ltr'><strong>quibus</strong></span> 
     </span>
    </p>
   </div>
   <div class='ocr_carea' id='block_1_9' title="bbox 237 1950 2159 2139">
    <p class='ocr_par' dir='ltr' id='par_1_9' title="bbox 237 1950 2159 2139">
     <span class='ocr_line' id='line_1_14' title="bbox 244 1950 2158 2049; baseline 0.001 -29"><span class='ocrx_word' id='word_1_181' title='bbox 244 1971 275 2021; x_wconf 80' lang='lat' dir='ltr'><strong>hs</strong></span> <span class='ocrx_word' id='word_1_182' title='bbox 326 1971 365 2021; x_wconf 81' lang='lat' dir='ltr'><strong>his</strong></span> <span class='ocrx_word' id='word_1_183' title='bbox 448 1950 527 2021; x_wconf 78' lang='lat' dir='ltr'><strong>sauel&#39;</strong></span> <span class='ocrx_word' id='word_1_184' title='bbox 571 1969 646 2049; x_wconf 60' lang='lat' dir='ltr'><strong>&#39;phe</strong></span> <span class='ocrx_word' id='word_1_185' title='bbox 664 1969 737 2020; x_wconf 80' lang='lat' dir='ltr'><strong>ualde</strong></span> <span class='ocrx_word' id='word_1_186' title='bbox 754 1975 835 2032; x_wconf 71' lang='lat' dir='ltr'><strong>gesets</strong></span> <span class='ocrx_word' id='word_1_187' title='bbox 867 1965 884 2028; x_wconf 71' lang='lat' dir='ltr'>J</span> <span class='ocrx_word' id='word_1_188' title='bbox 921 1967 1001 2018; x_wconf 64' lang='lat' dir='ltr'><strong>odero</strong></span> <span class='ocrx_word' id='word_1_189' title='bbox 1040 1967 1094 2032; x_wconf 79' lang='lat' dir='ltr'><strong>scip</strong></span> <span class='ocrx_word' id='word_1_190' title='bbox 1145 1973 1172 2016; x_wconf 89' lang='lat' dir='ltr'><strong>to</strong></span> <span class='ocrx_word' id='word_1_191' title='bbox 1189 1967 1332 2029; x_wconf 76' lang='lat' dir='ltr'><strong>geledenne</strong></span> <span class='ocrx_word' id='word_1_192' title='bbox 1407 1957 1512 2028; x_wconf 77' lang='lat' dir='ltr'><strong>iesagda</strong></span> <span class='ocrx_word' id='word_1_193' title='bbox 1561 1964 1613 2043; x_wconf 54' lang='lat' dir='ltr'><strong>pte</strong></span> <span class='ocrx_word' id='word_1_194' title='bbox 1647 1968 1685 2017; x_wconf 81' lang='lat' dir='ltr'><strong>sio</strong></span> <span class='ocrx_word' id='word_1_195' title='bbox 1743 1981 1776 2016; x_wconf 84' lang='lat' dir='ltr'><strong>an</strong></span> <span class='ocrx_word' id='word_1_196' title='bbox 1844 1967 1889 2018; x_wconf 88' lang='lat' dir='ltr'><strong>ade</strong></span> <span class='ocrx_word' id='word_1_197' title='bbox 1907 1969 1919 2017; x_wconf 84' lang='lat' dir='ltr'><strong>t</strong></span> <span class='ocrx_word' id='word_1_198' title='bbox 1935 1970 2044 2033; x_wconf 79' lang='lat' dir='ltr'><strong>scipulos</strong></span> <span class='ocrx_word' id='word_1_199' title='bbox 2094 1985 2158 2022; x_wconf 84' lang='lat' dir='ltr'><strong>enno</strong></span> 
     </span>
     <span class='ocr_line' id='line_1_15' title="bbox 237 2045 2159 2139; baseline 0.001 -25"><span class='ocrx_word' id='word_1_200' title='bbox 237 2071 272 2116; x_wconf 90' lang='lat' dir='ltr'><strong>se</strong></span> <span class='ocrx_word' id='word_1_201' title='bbox 299 2071 387 2115; x_wconf 84' lang='lat' dir='ltr'><strong>suam</strong></span> <span class='ocrx_word' id='word_1_202' title='bbox 415 2049 550 2115; x_wconf 89' lang='lat' dir='ltr'><strong>animam</strong></span> <span class='ocrx_word' id='word_1_203' title='bbox 621 2049 795 2139; x_wconf 89' lang='lat' dir='ltr'><strong>positurum</strong></span> <span class='ocrx_word' id='word_1_204' title='bbox 866 2057 897 2113; x_wconf 89' lang='lat' dir='ltr'><strong>et</strong></span> <span class='ocrx_word' id='word_1_205' title='bbox 924 2047 1000 2112; x_wconf 88' lang='lat' dir='ltr'><strong>alias</strong></span> <span class='ocrx_word' id='word_1_206' title='bbox 1032 2069 1106 2112; x_wconf 89' lang='lat' dir='ltr'><strong>oues</strong></span> <span class='ocrx_word' id='word_1_207' title='bbox 1136 2045 1341 2111; x_wconf 86' lang='lat' dir='ltr'><strong>adducturum</strong></span> <span class='ocrx_word' id='word_1_208' title='bbox 1370 2048 1548 2134; x_wconf 88' lang='lat' dir='ltr'><strong>pronuntiat</strong></span> <span class='ocrx_word' id='word_1_209' title='bbox 1573 2057 1607 2112; x_wconf 88' lang='lat' dir='ltr'><strong>ut</strong></span> <span class='ocrx_word' id='word_1_210' title='bbox 1634 2047 1689 2112; x_wconf 89' lang='lat' dir='ltr'><strong>fiat</strong></span> <span class='ocrx_word' id='word_1_211' title='bbox 1719 2069 1815 2112; x_wconf 91' lang='lat' dir='ltr'><strong>unum</strong></span> <span class='ocrx_word' id='word_1_212' title='bbox 1897 2049 1979 2115; x_wconf 91' lang='lat' dir='ltr'><strong>ouile</strong></span> <span class='ocrx_word' id='word_1_213' title='bbox 2080 2073 2159 2116; x_wconf 88' lang='lat' dir='ltr'><strong>unus</strong></span> 
     </span>
    </p>
   </div>
   <div class='ocr_carea' id='block_1_10' title="bbox 235 2181 2157 2354">
    <p class='ocr_par' dir='ltr' id='par_1_10' title="bbox 235 2181 2157 2354">
     <span class='ocr_line' id='line_1_16' title="bbox 236 2181 2157 2246; baseline 0.001 -10"><span class='ocrx_word' id='word_1_214' title='bbox 236 2186 325 2237; x_wconf 85' lang='lat' dir='ltr'><strong>hiorda</strong></span> <span class='ocrx_word' id='word_1_215' title='bbox 577 2189 652 2237; x_wconf 78' lang='lat' dir='ltr'><strong>maht</strong></span> <span class='ocrx_word' id='word_1_216' title='bbox 743 2185 823 2235; x_wconf 81' lang='lat' dir='ltr'><strong>haetds</strong></span> <span class='ocrx_word' id='word_1_217' title='bbox 857 2185 887 2236; x_wconf 88' lang='lat' dir='ltr'><strong>he</strong></span> <span class='ocrx_word' id='word_1_218' title='bbox 919 2183 993 2235; x_wconf 62' lang='lat' dir='ltr'><strong>cozeb</strong></span> <span class='ocrx_word' id='word_1_219' title='bbox 1024 2190 1134 2233; x_wconf 86' lang='lat' dir='ltr'><strong>setnsssa</strong></span> <span class='ocrx_word' id='word_1_220' title='bbox 1175 2181 1192 2244; x_wconf 71' lang='lat' dir='ltr'>J</span> <span class='ocrx_word' id='word_1_221' title='bbox 1230 2185 1266 2234; x_wconf 80' lang='lat' dir='ltr'><strong>eft</strong></span> <span class='ocrx_word' id='word_1_222' title='bbox 1285 2191 1312 2233; x_wconf 87' lang='lat' dir='ltr'><strong>to</strong></span> <span class='ocrx_word' id='word_1_223' title='bbox 1331 2186 1454 2234; x_wconf 76' lang='lat' dir='ltr'><strong>antoanne</strong></span> <span class='ocrx_word' id='word_1_224' title='bbox 1506 2185 1575 2235; x_wconf 83' lang='lat' dir='ltr'><strong>sansl</strong></span> <span class='ocrx_word' id='word_1_225' title='bbox 1653 2183 1692 2233; x_wconf 80' lang='lat' dir='ltr'><strong>his</strong></span> <span class='ocrx_word' id='word_1_226' title='bbox 1742 2184 1839 2246; x_wconf 71' lang='lat' dir='ltr'><strong>gedud</strong></span> <span class='ocrx_word' id='word_1_227' title='bbox 1875 2199 1910 2234; x_wconf 82' lang='lat' dir='ltr'><strong>aec</strong></span> <span class='ocrx_word' id='word_1_228' title='bbox 1927 2185 1983 2236; x_wconf 73' lang='lat' dir='ltr'><strong>&#39;eon</strong></span> <span class='ocrx_word' id='word_1_229' title='bbox 2016 2187 2157 2238; x_wconf 85' lang='lat' dir='ltr'><strong>ninesthn·</strong></span> 
     </span>
     <span class='ocr_line' id='line_1_17' title="bbox 235 2262 2108 2354; baseline 0.001 -23"><span class='ocrx_word' id='word_1_230' title='bbox 235 2276 349 2354; x_wconf 90' lang='lat' dir='ltr'><strong>pastor.</strong></span> <span class='ocrx_word' id='word_1_231' title='bbox 401 2289 504 2333; x_wconf 81' lang='lat' dir='ltr'><strong>xxm.</strong></span> <span class='ocrx_word' id='word_1_232' title='bbox 524 2265 682 2332; x_wconf 75' lang='lat' dir='ltr'><strong>Potestate</strong></span> <span class='ocrx_word' id='word_1_233' title='bbox 717 2265 832 2331; x_wconf 87' lang='lat' dir='ltr'><strong>habere</strong></span> <span class='ocrx_word' id='word_1_234' title='bbox 852 2286 887 2332; x_wconf 90' lang='lat' dir='ltr'><strong>se</strong></span> <span class='ocrx_word' id='word_1_235' title='bbox 915 2264 989 2330; x_wconf 89' lang='lat' dir='ltr'><strong>dicit</strong></span> <span class='ocrx_word' id='word_1_236' title='bbox 1008 2263 1144 2351; x_wconf 89' lang='lat' dir='ltr'><strong>ponendi</strong></span> <span class='ocrx_word' id='word_1_237' title='bbox 1169 2287 1206 2330; x_wconf 86' lang='lat' dir='ltr'><strong>oe</strong></span> <span class='ocrx_word' id='word_1_238' title='bbox 1257 2262 1432 2329; x_wconf 82' lang='lat' dir='ltr'><strong>resumendi</strong></span> <span class='ocrx_word' id='word_1_239' title='bbox 1473 2264 1607 2328; x_wconf 85' lang='lat' dir='ltr'><strong>animam</strong></span> <span class='ocrx_word' id='word_1_240' title='bbox 1628 2286 1716 2329; x_wconf 86' lang='lat' dir='ltr'><strong>suam</strong></span> <span class='ocrx_word' id='word_1_241' title='bbox 1749 2264 1830 2330; x_wconf 78' lang='lat' dir='ltr'><strong>faeta</strong></span> <span class='ocrx_word' id='word_1_242' title='bbox 1864 2287 1988 2353; x_wconf 90' lang='lat' dir='ltr'><strong>quoque</strong></span> <span class='ocrx_word' id='word_1_243' title='bbox 2055 2289 2108 2333; x_wconf 91' lang='lat' dir='ltr'><strong>en·</strong></span> 
     </span>
    </p>
   </div>
   <div class='ocr_carea' id='block_1_11' title="bbox 236 2398 2159 2580">
    <p class='ocr_par' dir='ltr' id='par_1_11' title="bbox 236 2398 2159 2580">
     <span class='ocr_line' id='line_1_18' title="bbox 236 2398 2130 2467; baseline -0.001 -12"><span class='ocrx_word' id='word_1_244' title='bbox 236 2403 324 2455; x_wconf 72' lang='lat' dir='ltr'><strong>breden</strong></span> <span class='ocrx_word' id='word_1_245' title='bbox 340 2404 415 2455; x_wconf 82' lang='lat' dir='ltr'><strong>hassa</strong></span> <span class='ocrx_word' id='word_1_246' title='bbox 432 2405 539 2467; x_wconf 73' lang='lat' dir='ltr'><strong>halgnno</strong></span> <span class='ocrx_word' id='word_1_247' title='bbox 808 2403 891 2453; x_wconf 83' lang='lat' dir='ltr'><strong>bltnth</strong></span> <span class='ocrx_word' id='word_1_248' title='bbox 924 2403 1025 2464; x_wconf 71' lang='lat' dir='ltr'><strong>menige</strong></span> <span class='ocrx_word' id='word_1_249' title='bbox 1060 2401 1132 2452; x_wconf 65' lang='lat' dir='ltr'><strong>date</strong></span> <span class='ocrx_word' id='word_1_250' title='bbox 1386 2401 1529 2450; x_wconf 69' lang='lat' dir='ltr'><strong>fruendum</strong></span> <span class='ocrx_word' id='word_1_251' title='bbox 1599 2399 1688 2463; x_wconf 73' lang='lat' dir='ltr'><strong>magde</strong></span> <span class='ocrx_word' id='word_1_252' title='bbox 1735 2401 1808 2452; x_wconf 67' lang='lat' dir='ltr'><strong>oneo</strong></span> <span class='ocrx_word' id='word_1_253' title='bbox 1845 2405 1869 2452; x_wconf 79' lang='lat' dir='ltr'><strong>tc</strong></span> <span class='ocrx_word' id='word_1_254' title='bbox 1907 2398 1924 2463; x_wconf 69' lang='lat'>1</span> <span class='ocrx_word' id='word_1_255' title='bbox 1959 2403 2030 2452; x_wconf 83' lang='lat' dir='ltr'><strong>tader</strong></span> <span class='ocrx_word' id='word_1_256' title='bbox 2097 2417 2130 2454; x_wconf 84' lang='lat' dir='ltr'><strong>an</strong></span> 
     </span>
     <span class='ocr_line' id='line_1_19' title="bbox 350 2481 2159 2580; baseline 0 -31"><span class='ocrx_word' id='word_1_257' title='bbox 350 2483 437 2550; x_wconf 87' lang='lat' dir='ltr'><strong>cenia</strong></span> <span class='ocrx_word' id='word_1_258' title='bbox 557 2481 788 2570; x_wconf 86' lang='lat' dir='ltr'><strong>Hierosolymis</strong></span> <span class='ocrx_word' id='word_1_259' title='bbox 814 2483 895 2548; x_wconf 89' lang='lat' dir='ltr'><strong>inter</strong></span> <span class='ocrx_word' id='word_1_260' title='bbox 928 2481 1025 2547; x_wconf 83' lang='lat' dir='ltr'><strong>multa</strong></span> <span class='ocrx_word' id='word_1_261' title='bbox 1059 2503 1138 2569; x_wconf 87' lang='lat' dir='ltr'><strong>quae</strong></span> <span class='ocrx_word' id='word_1_262' title='bbox 1157 2481 1325 2570; x_wconf 88' lang='lat' dir='ltr'><strong>pharisaeis</strong></span> <span class='ocrx_word' id='word_1_263' title='bbox 1345 2481 1568 2546; x_wconf 82' lang='lat' dir='ltr'><strong>sciscitantibus</strong></span> <span class='ocrx_word' id='word_1_264' title='bbox 1588 2481 1709 2580; x_wconf 82' lang='lat' dir='ltr'><strong>dixerat</strong></span> <span class='ocrx_word' id='word_1_265' title='bbox 1746 2481 1790 2545; x_wconf 90' lang='lat' dir='ltr'><strong>ait</strong></span> <span class='ocrx_word' id='word_1_266' title='bbox 1824 2503 1883 2570; x_wconf 84' lang='lat' dir='ltr'><strong>ego</strong></span> <span class='ocrx_word' id='word_1_267' title='bbox 1905 2492 1936 2549; x_wconf 89' lang='lat' dir='ltr'><strong>et</strong></span> <span class='ocrx_word' id='word_1_268' title='bbox 1954 2493 2043 2571; x_wconf 88' lang='lat' dir='ltr'><strong>pater</strong></span> <span class='ocrx_word' id='word_1_269' title='bbox 2062 2505 2159 2549; x_wconf 92' lang='lat' dir='ltr'><strong>unum</strong></span> 
     </span>
    </p>
   </div>
   <div class='ocr_carea' id='block_1_12' title="bbox 237 2617 2222 2783">
    <p class='ocr_par' dir='ltr' id='par_1_12' title="bbox 237 2617 2222 2783">
     <span class='ocr_line' id='line_1_20' title="bbox 237 2617 2135 2685; baseline 0.002 -15"><span class='ocrx_word' id='word_1_270' title='bbox 237 2633 273 2670; x_wconf 81' lang='grc' dir='ltr'><strong>ιιι</strong></span> <span class='ocrx_word' id='word_1_271' title='bbox 291 2621 384 2671; x_wconf 78' lang='lat' dir='ltr'><strong>sindon</strong></span> <span class='ocrx_word' id='word_1_272' title='bbox 416 2619 433 2680; x_wconf 69' lang='grc' dir='ltr'><strong><em>Ἰ</em></strong></span> <span class='ocrx_word' id='word_1_273' title='bbox 469 2621 568 2683; x_wconf 73' lang='lat' dir='ltr'><strong>menige</strong></span> <span class='ocrx_word' id='word_1_274' title='bbox 637 2621 752 2682; x_wconf 73' lang='lat' dir='ltr'><strong>gelardun</strong></span> <span class='ocrx_word' id='word_1_275' title='bbox 810 2621 838 2670; x_wconf 88' lang='lat' dir='ltr'><strong>tn</strong></span> <span class='ocrx_word' id='word_1_276' title='bbox 878 2621 928 2669; x_wconf 86' lang='lat' dir='ltr'><strong>blm</strong></span> <span class='ocrx_word' id='word_1_277' title='bbox 1126 2619 1245 2668; x_wconf 74' lang='lat' dir='ltr'><strong>lutrarum</strong></span> <span class='ocrx_word' id='word_1_278' title='bbox 1313 2617 1497 2681; x_wconf 65' lang='lat' dir='ltr'><strong>terestrem</strong></span> <span class='ocrx_word' id='word_1_279' title='bbox 1591 2619 1655 2669; x_wconf 81' lang='lat' dir='ltr'><strong>dead</strong></span> <span class='ocrx_word' id='word_1_280' title='bbox 1715 2617 1812 2681; x_wconf 63' lang='lat' dir='ltr'><strong>midos</strong></span> <span class='ocrx_word' id='word_1_281' title='bbox 1827 2619 2007 2670; x_wconf 77' lang='lat' dir='ltr'><strong>hineawoshte</strong></span> <span class='ocrx_word' id='word_1_282' title='bbox 2067 2623 2135 2685; x_wconf 79' lang='lat' dir='ltr'><strong>slepe</strong></span> 
     </span>
     <span class='ocr_line' id='line_1_21' title="bbox 258 2695 2222 2783; baseline 0.003 -19"><span class='ocrx_word' id='word_1_283' title='bbox 258 2721 364 2765; x_wconf 91' lang='lat' dir='ltr'><strong>sumus</strong></span> <span class='ocrx_word' id='word_1_284' title='bbox 412 2708 444 2766; x_wconf 89' lang='lat' dir='ltr'><strong>et</strong></span> <span class='ocrx_word' id='word_1_285' title='bbox 470 2698 559 2765; x_wconf 88' lang='lat' dir='ltr'><strong>multi</strong></span> <span class='ocrx_word' id='word_1_286' title='bbox 587 2699 784 2765; x_wconf 88' lang='lat' dir='ltr'><strong>erediderunt</strong></span> <span class='ocrx_word' id='word_1_287' title='bbox 804 2697 836 2763; x_wconf 95' lang='lat' dir='ltr'><strong>in</strong></span> <span class='ocrx_word' id='word_1_288' title='bbox 858 2721 938 2765; x_wconf 89' lang='lat' dir='ltr'><strong>eum.</strong></span> <span class='ocrx_word' id='word_1_289' title='bbox 968 2721 1084 2764; x_wconf 84' lang='lat' dir='ltr'><strong>xxv111.</strong></span> <span class='ocrx_word' id='word_1_290' title='bbox 1099 2695 1253 2762; x_wconf 82' lang='lat' dir='ltr'><strong>Lazarum</strong></span> <span class='ocrx_word' id='word_1_291' title='bbox 1274 2697 1521 2783; x_wconf 90' lang='lat' dir='ltr'><strong>quadriduanum</strong></span> <span class='ocrx_word' id='word_1_292' title='bbox 1540 2708 1696 2763; x_wconf 90' lang='lat' dir='ltr'><strong>mortuum</strong></span> <span class='ocrx_word' id='word_1_293' title='bbox 1751 2699 1948 2765; x_wconf 71' lang='lat' dir='ltr'><strong>suscitaturus</strong></span> <span class='ocrx_word' id='word_1_294' title='bbox 2023 2701 2158 2768; x_wconf 90' lang='lat' dir='ltr'><strong>dormire</strong></span> <span class='ocrx_word' id='word_1_295' title='bbox 2181 2705 2222 2770; x_wconf 90' lang='lat'><strong>10</strong></span> 
     </span>
    </p>
   </div>
   <div class='ocr_carea' id='block_1_13' title="bbox 236 2805 2159 3006">
    <p class='ocr_par' dir='ltr' id='par_1_13' title="bbox 236 2805 2159 3006">
     <span class='ocr_line' id='line_1_22' title="bbox 236 2805 2156 2901; baseline 0 -12"><span class='ocrx_word' id='word_1_296' title='bbox 236 2837 321 2890; x_wconf 77' lang='lat' dir='ltr'><strong>cuoa’d</strong></span> <span class='ocrx_word' id='word_1_297' title='bbox 356 2838 424 2890; x_wconf 75' lang='lat' dir='ltr'><strong>&#39;done</strong></span> <span class='ocrx_word' id='word_1_298' title='bbox 443 2838 505 2889; x_wconf 67' lang='lat' dir='ltr'><strong>tda</strong></span> <span class='ocrx_word' id='word_1_299' title='bbox 520 2839 578 2889; x_wconf 85' lang='lat' dir='ltr'><strong>ilica</strong></span> <span class='ocrx_word' id='word_1_300' title='bbox 621 2839 694 2888; x_wconf 85' lang='lat' dir='ltr'><strong>mlola</strong></span> <span class='ocrx_word' id='word_1_301' title='bbox 737 2837 817 2888; x_wconf 73' lang='lat' dir='ltr'><strong>etaim</strong></span> <span class='ocrx_word' id='word_1_302' title='bbox 850 2834 909 2887; x_wconf 70' lang='lat' dir='ltr'><strong>mid</strong></span> <span class='ocrx_word' id='word_1_303' title='bbox 925 2838 1043 2898; x_wconf 71' lang='lat' dir='ltr'><strong>cetgunge</strong></span> <span class='ocrx_word' id='word_1_304' title='bbox 1103 2847 1207 2884; x_wconf 81' lang='lat' dir='ltr'><strong>auoecee</strong></span> <span class='ocrx_word' id='word_1_305' title='bbox 1259 2833 1373 2883; x_wconf 75' lang='lat' dir='ltr'><strong>isneida</strong></span> <span class='ocrx_word' id='word_1_306' title='bbox 1408 2833 1498 2895; x_wconf 74' lang='lat' dir='ltr'><strong>gaheht</strong></span> <span class='ocrx_word' id='word_1_307' title='bbox 1531 2832 1547 2895; x_wconf 74' lang='grc' dir='ltr'><strong><em>Ἰ</em></strong></span> <span class='ocrx_word' id='word_1_308' title='bbox 1575 2839 1611 2885; x_wconf 79' lang='lat' dir='ltr'><strong>tro</strong></span> <span class='ocrx_word' id='word_1_309' title='bbox 1626 2850 1721 2900; x_wconf 74' lang='lat' dir='ltr'><strong>geonge</strong></span> <span class='ocrx_word' id='word_1_310' title='bbox 1747 2837 1874 2900; x_wconf 75' lang='lat' dir='ltr'><strong>menlgom</strong></span> <span class='ocrx_word' id='word_1_311' title='bbox 1913 2805 2077 2901; x_wconf 51' lang='lat' dir='ltr'><strong>&#39;galerandum</strong></span> <span class='ocrx_word' id='word_1_312' title='bbox 2127 2842 2156 2889; x_wconf 83' lang='lat' dir='ltr'><strong>ot</strong></span> 
     </span>
     <span class='ocr_line' id='line_1_23' title="bbox 237 2912 2159 3006; baseline -0.001 -22"><span class='ocrx_word' id='word_1_313' title='bbox 237 2917 311 2984; x_wconf 89' lang='lat' dir='ltr'><strong>dicit</strong></span> <span class='ocrx_word' id='word_1_314' title='bbox 413 2940 507 3006; x_wconf 86' lang='lat' dir='ltr'><strong>quem</strong></span> <span class='ocrx_word' id='word_1_315' title='bbox 607 2939 722 3005; x_wconf 78' lang='lat' dir='ltr'><strong>magna</strong></span> <span class='ocrx_word' id='word_1_316' title='bbox 741 2939 818 2983; x_wconf 90' lang='lat' dir='ltr'><strong>uoce</strong></span> <span class='ocrx_word' id='word_1_317' title='bbox 867 2915 1027 2981; x_wconf 87' lang='lat' dir='ltr'><strong>clamando</strong></span> <span class='ocrx_word' id='word_1_318' title='bbox 1062 2913 1246 2979; x_wconf 85' lang='lat' dir='ltr'><strong>resuscitans</strong></span> <span class='ocrx_word' id='word_1_319' title='bbox 1274 2912 1360 2978; x_wconf 90' lang='lat' dir='ltr'><strong>uolui</strong></span> <span class='ocrx_word' id='word_1_320' title='bbox 1405 2913 1489 2980; x_wconf 91' lang='lat' dir='ltr'><strong>iubet</strong></span> <span class='ocrx_word' id='word_1_321' title='bbox 1526 2925 1557 2981; x_wconf 90' lang='lat' dir='ltr'><strong>et</strong></span> <span class='ocrx_word' id='word_1_322' title='bbox 1596 2916 1682 2981; x_wconf 87' lang='lat' dir='ltr'><strong>abire</strong></span> <span class='ocrx_word' id='word_1_323' title='bbox 1737 2916 1877 3004; x_wconf 89' lang='lat' dir='ltr'><strong>plurimis</strong></span> <span class='ocrx_word' id='word_1_324' title='bbox 1905 2917 2098 2982; x_wconf 89' lang='lat' dir='ltr'><strong>credentibus</strong></span> <span class='ocrx_word' id='word_1_325' title='bbox 2120 2939 2159 2984; x_wconf 87' lang='lat' dir='ltr'><strong>ex</strong></span> 
     </span>
    </p>
   </div>
   <div class='ocr_carea' id='block_1_14' title="bbox 236 3050 2163 3222">
    <p class='ocr_par' dir='ltr' id='par_1_14' title="bbox 236 3050 2163 3222">
     <span class='ocr_line' id='line_1_24' title="bbox 237 3050 2161 3119; baseline 0.001 -15"><span class='ocrx_word' id='word_1_326' title='bbox 237 3055 356 3106; x_wconf 83' lang='lat' dir='ltr'><strong>iudaeum</strong></span> <span class='ocrx_word' id='word_1_327' title='bbox 561 3054 597 3105; x_wconf 77' lang='lat' dir='ltr'><strong>’oa</strong></span> <span class='ocrx_word' id='word_1_328' title='bbox 614 3055 729 3119; x_wconf 83' lang='lat' dir='ltr'><strong>blroopas</strong></span> <span class='ocrx_word' id='word_1_329' title='bbox 763 3066 889 3116; x_wconf 79' lang='lat' dir='ltr'><strong>ongeaegn</strong></span> <span class='ocrx_word' id='word_1_330' title='bbox 905 3053 917 3101; x_wconf 83' lang='lat' dir='ltr'><strong>t</strong></span> <span class='ocrx_word' id='word_1_331' title='bbox 934 3052 984 3103; x_wconf 66' lang='lat' dir='ltr'><strong>nid</strong></span> <span class='ocrx_word' id='word_1_332' title='bbox 1018 3053 1076 3101; x_wconf 78' lang='lat' dir='ltr'><strong>hine</strong></span> <span class='ocrx_word' id='word_1_333' title='bbox 1121 3063 1245 3112; x_wconf 74' lang='lat' dir='ltr'><strong>romnnng</strong></span> <span class='ocrx_word' id='word_1_334' title='bbox 1296 3050 1466 3112; x_wconf 73' lang='lat' dir='ltr'><strong>gegeodredon</strong></span> <span class='ocrx_word' id='word_1_335' title='bbox 1500 3051 1527 3102; x_wconf 84' lang='lat' dir='ltr'><strong>in</strong></span> <span class='ocrx_word' id='word_1_336' title='bbox 1569 3051 1634 3104; x_wconf 73' lang='lat' dir='ltr'><strong>een</strong></span> <span class='ocrx_word' id='word_1_337' title='bbox 1846 3067 1878 3103; x_wconf 85' lang='lat' dir='ltr'><strong>an</strong></span> <span class='ocrx_word' id='word_1_338' title='bbox 1894 3053 1907 3103; x_wconf 84' lang='lat' dir='ltr'><strong>t</strong></span> <span class='ocrx_word' id='word_1_339' title='bbox 1924 3067 1987 3105; x_wconf 83' lang='lat' dir='ltr'><strong>anns</strong></span> <span class='ocrx_word' id='word_1_340' title='bbox 2029 3055 2161 3117; x_wconf 73' lang='lat' dir='ltr'><strong>godafns’b</strong></span> 
     </span>
     <span class='ocr_line' id='line_1_25' title="bbox 236 3131 2163 3222; baseline 0.001 -22"><span class='ocrx_word' id='word_1_341' title='bbox 236 3133 368 3201; x_wconf 86' lang='lat' dir='ltr'><strong>Iudaeis.</strong></span> <span class='ocrx_word' id='word_1_342' title='bbox 404 3157 534 3201; x_wconf 85' lang='lat' dir='ltr'><strong>xxvnn.</strong></span> <span class='ocrx_word' id='word_1_343' title='bbox 563 3133 729 3199; x_wconf 84' lang='lat' dir='ltr'><strong>Pontifices</strong></span> <span class='ocrx_word' id='word_1_344' title='bbox 792 3131 939 3197; x_wconf 85' lang='lat' dir='ltr'><strong>aduersus</strong></span> <span class='ocrx_word' id='word_1_345' title='bbox 1008 3153 1079 3198; x_wconf 89' lang='lat' dir='ltr'><strong>eum</strong></span> <span class='ocrx_word' id='word_1_346' title='bbox 1101 3131 1264 3198; x_wconf 86' lang='lat' dir='ltr'><strong>concilium</strong></span> <span class='ocrx_word' id='word_1_347' title='bbox 1307 3131 1458 3220; x_wconf 84' lang='lat' dir='ltr'><strong>colligunt</strong></span> <span class='ocrx_word' id='word_1_348' title='bbox 1498 3131 1531 3196; x_wconf 92' lang='lat' dir='ltr'><strong>in</strong></span> <span class='ocrx_word' id='word_1_349' title='bbox 1572 3156 1634 3219; x_wconf 93' lang='lat' dir='ltr'><strong>quo</strong></span> <span class='ocrx_word' id='word_1_350' title='bbox 1667 3131 1820 3222; x_wconf 86' lang='lat' dir='ltr'><strong>Oaiaphas</strong></span> <span class='ocrx_word' id='word_1_351' title='bbox 1873 3155 1968 3198; x_wconf 90' lang='lat' dir='ltr'><strong>unum</strong></span> <span class='ocrx_word' id='word_1_352' title='bbox 2049 3135 2163 3202; x_wconf 89' lang='lat' dir='ltr'><strong>debere</strong></span> 
     </span>
    </p>
   </div>
   <div class='ocr_carea' id='block_1_15' title="bbox 236 3261 2161 3440">
    <p class='ocr_par' dir='ltr' id='par_1_15' title="bbox 236 3261 2161 3440">
     <span class='ocr_line' id='line_1_26' title="bbox 236 3261 2157 3353; baseline 0.001 -31"><span class='ocrx_word' id='word_1_353' title='bbox 236 3269 343 3349; x_wconf 63' lang='grc' dir='ltr'><strong>Ι151ιιιι</strong></span> <span class='ocrx_word' id='word_1_354' title='bbox 361 3269 423 3321; x_wconf 86' lang='lat' dir='ltr'><strong>dead</strong></span> <span class='ocrx_word' id='word_1_355' title='bbox 457 3261 482 3321; x_wconf 78' lang='lat' dir='ltr'><strong>ie</strong></span> <span class='ocrx_word' id='word_1_356' title='bbox 517 3271 585 3322; x_wconf 73' lang='lat' dir='ltr'><strong>&#39;bem</strong></span> <span class='ocrx_word' id='word_1_357' title='bbox 601 3272 664 3320; x_wconf 81' lang='lat' dir='ltr'><strong>{olea</strong></span> <span class='ocrx_word' id='word_1_358' title='bbox 716 3269 852 3332; x_wconf 65' lang='lat' dir='ltr'><strong>gewitgada</strong></span> <span class='ocrx_word' id='word_1_359' title='bbox 902 3266 919 3328; x_wconf 65' lang='grc' dir='ltr'><strong><em>Ἰ</em></strong></span> <span class='ocrx_word' id='word_1_360' title='bbox 963 3283 996 3318; x_wconf 79' lang='grc' dir='ltr'><strong>ιιι</strong></span> <span class='ocrx_word' id='word_1_361' title='bbox 1039 3284 1084 3322; x_wconf 84' lang='lat' dir='ltr'><strong>sex</strong></span> <span class='ocrx_word' id='word_1_362' title='bbox 1118 3270 1193 3333; x_wconf 72' lang='lat' dir='ltr'><strong>dagos</strong></span> <span class='ocrx_word' id='word_1_363' title='bbox 1236 3275 1327 3319; x_wconf 73' lang='lat' dir='ltr'><strong>aarum</strong></span> <span class='ocrx_word' id='word_1_364' title='bbox 1369 3269 1427 3320; x_wconf 75' lang='lat' dir='ltr'><strong>mie</strong></span> <span class='ocrx_word' id='word_1_365' title='bbox 1446 3270 1569 3320; x_wconf 84' lang='lat' dir='ltr'><strong>smirintse</strong></span> <span class='ocrx_word' id='word_1_366' title='bbox 1605 3272 1657 3321; x_wconf 74' lang='lat' dir='ltr'><strong>rost</strong></span> <span class='ocrx_word' id='word_1_367' title='bbox 1699 3263 1769 3353; x_wconf 66' lang='lat' dir='ltr'><strong>dnh}</strong></span> <span class='ocrx_word' id='word_1_368' title='bbox 1816 3286 1909 3323; x_wconf 83' lang='lat' dir='ltr'><strong>aaaron</strong></span> <span class='ocrx_word' id='word_1_369' title='bbox 1927 3272 2093 3335; x_wconf 75' lang='lat' dir='ltr'><strong>’earhgotasno</strong></span> <span class='ocrx_word' id='word_1_370' title='bbox 2129 3278 2157 3324; x_wconf 79' lang='lat' dir='ltr'><strong>of</strong></span> 
     </span>
     <span class='ocr_line' id='line_1_27' title="bbox 298 3349 2161 3440; baseline 0.001 -25"><span class='ocrx_word' id='word_1_371' title='bbox 298 3350 379 3416; x_wconf 90' lang='lat' dir='ltr'><strong>mori</strong></span> <span class='ocrx_word' id='word_1_372' title='bbox 441 3371 499 3437; x_wconf 92' lang='lat' dir='ltr'><strong>pro</strong></span> <span class='ocrx_word' id='word_1_373' title='bbox 534 3350 650 3437; x_wconf 90' lang='lat' dir='ltr'><strong>populo</strong></span> <span class='ocrx_word' id='word_1_374' title='bbox 684 3349 878 3438; x_wconf 82' lang='lat' dir='ltr'><strong>prophetizat</strong></span> <span class='ocrx_word' id='word_1_375' title='bbox 895 3359 926 3416; x_wconf 91' lang='lat' dir='ltr'><strong>et</strong></span> <span class='ocrx_word' id='word_1_376' title='bbox 944 3358 1016 3414; x_wconf 88' lang='lat' dir='ltr'><strong>ante</strong></span> <span class='ocrx_word' id='word_1_377' title='bbox 1034 3371 1091 3415; x_wconf 87' lang='lat' dir='ltr'><strong>sex</strong></span> <span class='ocrx_word' id='word_1_378' title='bbox 1122 3349 1187 3414; x_wconf 88' lang='lat' dir='ltr'><strong>dies</strong></span> <span class='ocrx_word' id='word_1_379' title='bbox 1214 3350 1347 3436; x_wconf 82' lang='lat' dir='ltr'><strong>paschae</strong></span> <span class='ocrx_word' id='word_1_380' title='bbox 1406 3357 1543 3436; x_wconf 89' lang='lat' dir='ltr'><strong>ungento</strong></span> <span class='ocrx_word' id='word_1_381' title='bbox 1584 3349 1678 3438; x_wconf 89' lang='lat' dir='ltr'><strong>pedes</strong></span> <span class='ocrx_word' id='word_1_382' title='bbox 1712 3349 1767 3416; x_wconf 87' lang='lat' dir='ltr'><strong>dni</strong></span> <span class='ocrx_word' id='word_1_383' title='bbox 1846 3351 2074 3440; x_wconf 82' lang='lat' dir='ltr'><strong>perfunduntur</strong></span> <span class='ocrx_word' id='word_1_384' title='bbox 2121 3351 2161 3418; x_wconf 90' lang='lat' dir='ltr'><strong>de</strong></span> 
     </span>
    </p>
   </div>
   <div class='ocr_carea' id='block_1_16' title="bbox 237 3476 2164 3654">
    <p class='ocr_par' dir='ltr' id='par_1_16' title="bbox 237 3476 2164 3654">
     <span class='ocr_line' id='line_1_28' title="bbox 246 3476 2164 3562; baseline 0 -24"><span class='ocrx_word' id='word_1_385' title='bbox 246 3487 313 3539; x_wconf 64' lang='lat' dir='ltr'><strong>bem</strong></span> <span class='ocrx_word' id='word_1_386' title='bbox 365 3485 448 3537; x_wconf 75' lang='lat' dir='ltr'><strong>nores</strong></span> <span class='ocrx_word' id='word_1_387' title='bbox 498 3487 572 3537; x_wconf 88' lang='lat' dir='ltr'><strong>iudas</strong></span> <span class='ocrx_word' id='word_1_388' title='bbox 606 3487 761 3537; x_wconf 81' lang='lat' dir='ltr'><strong>toslitntaet</strong></span> <span class='ocrx_word' id='word_1_389' title='bbox 792 3476 913 3537; x_wconf 78' lang='lat' dir='ltr'><strong>ieuoeden</strong></span> <span class='ocrx_word' id='word_1_390' title='bbox 931 3485 981 3537; x_wconf 70' lang='lat' dir='ltr'><strong>bib</strong></span> <span class='ocrx_word' id='word_1_391' title='bbox 1116 3483 1234 3562; x_wconf 56' lang='lat' dir='ltr'><strong>*pereat</strong></span> <span class='ocrx_word' id='word_1_392' title='bbox 1268 3485 1325 3536; x_wconf 71' lang='lat' dir='ltr'><strong>nidd</strong></span> <span class='ocrx_word' id='word_1_393' title='bbox 1359 3487 1473 3549; x_wconf 73' lang='lat' dir='ltr'><strong>tuiggnm</strong></span> <span class='ocrx_word' id='word_1_394' title='bbox 1541 3489 1624 3552; x_wconf 72' lang='lat' dir='ltr'><strong>prima</strong></span> <span class='ocrx_word' id='word_1_395' title='bbox 1734 3502 1810 3551; x_wconf 74' lang='lat' dir='ltr'><strong>gsarn</strong></span> <span class='ocrx_word' id='word_1_396' title='bbox 1878 3489 1966 3552; x_wconf 76' lang='lat' dir='ltr'><strong>reige&#39;o</strong></span> <span class='ocrx_word' id='word_1_397' title='bbox 2001 3491 2026 3539; x_wconf 80' lang='lat' dir='ltr'><strong>la</strong></span> <span class='ocrx_word' id='word_1_398' title='bbox 2043 3489 2088 3538; x_wconf 82' lang='lat' dir='ltr'><strong>hal</strong></span> <span class='ocrx_word' id='word_1_399' title='bbox 2107 3489 2164 3552; x_wconf 68' lang='lat' dir='ltr'><strong>orig</strong></span> 
     </span>
     <span class='ocr_line' id='line_1_29' title="bbox 237 3565 2140 3654; baseline 0.001 -21"><span class='ocrx_word' id='word_1_400' title='bbox 237 3568 322 3633; x_wconf 89' lang='lat' dir='ltr'><strong>cuius</strong></span> <span class='ocrx_word' id='word_1_401' title='bbox 349 3567 466 3654; x_wconf 87' lang='lat' dir='ltr'><strong>praetio</strong></span> <span class='ocrx_word' id='word_1_402' title='bbox 486 3566 584 3633; x_wconf 86' lang='lat' dir='ltr'><strong>Iudae</strong></span> <span class='ocrx_word' id='word_1_403' title='bbox 612 3589 753 3633; x_wconf 90' lang='lat' dir='ltr'><strong>murmur</strong></span> <span class='ocrx_word' id='word_1_404' title='bbox 806 3566 955 3652; x_wconf 85' lang='lat' dir='ltr'><strong>arguitur.</strong></span> <span class='ocrx_word' id='word_1_405' title='bbox 1024 3587 1100 3629; x_wconf 81' lang='lat' dir='ltr'><strong>xxx.</strong></span> <span class='ocrx_word' id='word_1_406' title='bbox 1121 3565 1229 3631; x_wconf 84' lang='lat' dir='ltr'><strong>Turba</strong></span> <span class='ocrx_word' id='word_1_407' title='bbox 1259 3587 1330 3630; x_wconf 90' lang='lat' dir='ltr'><strong>cum</strong></span> <span class='ocrx_word' id='word_1_408' title='bbox 1367 3565 1460 3630; x_wconf 87' lang='lat' dir='ltr'><strong>ramis</strong></span> <span class='ocrx_word' id='word_1_409' title='bbox 1491 3566 1663 3653; x_wconf 81' lang='lat' dir='ltr'><strong>palmarum</strong></span> <span class='ocrx_word' id='word_1_410' title='bbox 1684 3589 1846 3634; x_wconf 87' lang='lat' dir='ltr'><strong>occurrens</strong></span> <span class='ocrx_word' id='word_1_411' title='bbox 1867 3567 1980 3634; x_wconf 85' lang='lat' dir='ltr'><strong>elamat</strong></span> <span class='ocrx_word' id='word_1_412' title='bbox 2023 3591 2140 3634; x_wconf 86' lang='lat' dir='ltr'><strong>osanna</strong></span> 
     </span>
    </p>
   </div>
   <div class='ocr_carea' id='block_1_17' title="bbox 237 3669 2223 3891">
    <p class='ocr_par' dir='ltr' id='par_1_17' title="bbox 237 3669 2223 3891">
     <span class='ocr_line' id='line_1_30' title="bbox 255 3669 2162 3797; baseline 0.001 -25"><span class='ocrx_word' id='word_1_413' title='bbox 255 3723 287 3773; x_wconf 85' lang='lat' dir='ltr'><strong>bo</strong></span> <span class='ocrx_word' id='word_1_414' title='bbox 332 3669 392 3774; x_wconf 70' lang='lat' dir='ltr'><strong>:ted</strong></span> <span class='ocrx_word' id='word_1_415' title='bbox 441 3725 493 3773; x_wconf 83' lang='lat' dir='ltr'><strong>orer</strong></span> <span class='ocrx_word' id='word_1_416' title='bbox 542 3718 636 3797; x_wconf 58' lang='lat' dir='ltr'><strong>*prole</strong></span> <span class='ocrx_word' id='word_1_417' title='bbox 679 3721 774 3770; x_wconf 81' lang='lat' dir='ltr'><strong>aseldss</strong></span> <span class='ocrx_word' id='word_1_418' title='bbox 806 3725 882 3782; x_wconf 68' lang='lat' dir='ltr'><strong>gesat</strong></span> <span class='ocrx_word' id='word_1_419' title='bbox 916 3719 983 3770; x_wconf 73' lang='lat' dir='ltr'><strong>enm</strong></span> <span class='ocrx_word' id='word_1_420' title='bbox 1000 3719 1066 3769; x_wconf 70' lang='lat' dir='ltr'><strong>eddu</strong></span> <span class='ocrx_word' id='word_1_421' title='bbox 1099 3719 1275 3769; x_wconf 69' lang='lat' dir='ltr'><strong>moabendnm</strong></span> <span class='ocrx_word' id='word_1_422' title='bbox 1326 3719 1360 3768; x_wconf 83' lang='lat' dir='ltr'><strong>all</strong></span> <span class='ocrx_word' id='word_1_423' title='bbox 1424 3719 1528 3769; x_wconf 79' lang='lat' dir='ltr'><strong>middaii</strong></span> <span class='ocrx_word' id='word_1_424' title='bbox 1562 3723 1630 3770; x_wconf 70' lang='lat' dir='ltr'><strong>efter</strong></span> <span class='ocrx_word' id='word_1_425' title='bbox 1669 3721 1721 3770; x_wconf 82' lang='lat' dir='ltr'><strong>him</strong></span> <span class='ocrx_word' id='word_1_426' title='bbox 1754 3720 1838 3771; x_wconf 77' lang='lat' dir='ltr'><strong>fosrda</strong></span> <span class='ocrx_word' id='word_1_427' title='bbox 2007 3722 2162 3773; x_wconf 74' lang='lat' dir='ltr'><strong>sacrandum</strong></span> 
     </span>
     <span class='ocr_line' id='line_1_31' title="bbox 237 3797 2223 3891; baseline 0 -25"><span class='ocrx_word' id='word_1_428' title='bbox 237 3802 304 3891; x_wconf 91' lang='lat' dir='ltr'><strong>ipse</strong></span> <span class='ocrx_word' id='word_1_429' title='bbox 322 3821 398 3867; x_wconf 92' lang='lat' dir='ltr'><strong>uero</strong></span> <span class='ocrx_word' id='word_1_430' title='bbox 419 3823 513 3889; x_wconf 87' lang='lat' dir='ltr'><strong>super</strong></span> <span class='ocrx_word' id='word_1_431' title='bbox 532 3799 651 3888; x_wconf 90' lang='lat' dir='ltr'><strong>pullum</strong></span> <span class='ocrx_word' id='word_1_432' title='bbox 672 3800 775 3866; x_wconf 88' lang='lat' dir='ltr'><strong>asinae</strong></span> <span class='ocrx_word' id='word_1_433' title='bbox 804 3799 883 3866; x_wconf 89' lang='lat' dir='ltr'><strong>sedit</strong></span> <span class='ocrx_word' id='word_1_434' title='bbox 902 3799 1077 3888; x_wconf 84' lang='lat' dir='ltr'><strong>pheresaeis</strong></span> <span class='ocrx_word' id='word_1_435' title='bbox 1103 3797 1273 3864; x_wconf 85' lang='lat' dir='ltr'><strong>dicentibus</strong></span> <span class='ocrx_word' id='word_1_436' title='bbox 1303 3807 1384 3864; x_wconf 89' lang='lat' dir='ltr'><strong>totus</strong></span> <span class='ocrx_word' id='word_1_437' title='bbox 1406 3799 1539 3864; x_wconf 88' lang='lat' dir='ltr'><strong>mundus</strong></span> <span class='ocrx_word' id='word_1_438' title='bbox 1559 3811 1629 3887; x_wconf 88' lang='lat' dir='ltr'><strong>post</strong></span> <span class='ocrx_word' id='word_1_439' title='bbox 1656 3821 1727 3866; x_wconf 89' lang='lat' dir='ltr'><strong>eum</strong></span> <span class='ocrx_word' id='word_1_440' title='bbox 1751 3801 1833 3865; x_wconf 87' lang='lat' dir='ltr'><strong>abiit.</strong></span> <span class='ocrx_word' id='word_1_441' title='bbox 1888 3823 1980 3866; x_wconf 77' lang='lat' dir='ltr'><strong>xxxx.</strong></span> <span class='ocrx_word' id='word_1_442' title='bbox 2007 3801 2223 3867; x_wconf 83' lang='lat' dir='ltr'><strong>Nuntiatis15</strong></span> 
     </span>
    </p>
   </div>
   <div class='ocr_carea' id='block_1_18' title="bbox 237 3932 2164 4107">
    <p class='ocr_par' dir='ltr' id='par_1_18' title="bbox 237 3932 2164 4107">
     <span class='ocr_line' id='line_1_32' title="bbox 265 3932 2164 4003; baseline 0 -13"><span class='ocrx_word' id='word_1_443' title='bbox 265 3940 382 3990; x_wconf 75' lang='lat' dir='ltr'><strong>hednnn</strong></span> <span class='ocrx_word' id='word_1_444' title='bbox 430 3939 488 3988; x_wconf 87' lang='lat' dir='ltr'><strong>hino</strong></span> <span class='ocrx_word' id='word_1_445' title='bbox 538 3951 611 4000; x_wconf 75' lang='lat' dir='ltr'><strong>geres</strong></span> <span class='ocrx_word' id='word_1_446' title='bbox 661 3938 811 3988; x_wconf 82' lang='lat' dir='ltr'><strong>utlnandum</strong></span> <span class='ocrx_word' id='word_1_447' title='bbox 878 3937 918 3988; x_wconf 82' lang='lat' dir='ltr'><strong>tid</strong></span> <span class='ocrx_word' id='word_1_448' title='bbox 986 3937 1026 3986; x_wconf 88' lang='lat' dir='ltr'><strong>hls</strong></span> <span class='ocrx_word' id='word_1_449' title='bbox 1111 3936 1253 3999; x_wconf 69' lang='lat' dir='ltr'><strong>gebrehtnts</strong></span> <span class='ocrx_word' id='word_1_450' title='bbox 1309 3937 1369 3986; x_wconf 76' lang='lat' dir='ltr'><strong>hine</strong></span> <span class='ocrx_word' id='word_1_451' title='bbox 1387 3932 1503 3995; x_wconf 68' lang='lat' dir='ltr'><strong>enred]</strong></span> <span class='ocrx_word' id='word_1_452' title='bbox 1557 3951 1617 3988; x_wconf 89' lang='lat' dir='ltr'><strong>corn</strong></span> <span class='ocrx_word' id='word_1_453' title='bbox 1701 3939 1794 3990; x_wconf 79' lang='lat' dir='ltr'><strong>hnates</strong></span> <span class='ocrx_word' id='word_1_454' title='bbox 1914 3937 1978 3988; x_wconf 79' lang='lat' dir='ltr'><strong>dead</strong></span> <span class='ocrx_word' id='word_1_455' title='bbox 2026 3939 2164 4003; x_wconf 62' lang='lat' dir='ltr'><strong>montarald</strong></span> 
     </span>
     <span class='ocr_line' id='line_1_33' title="bbox 237 4014 2160 4107; baseline 0.001 -23"><span class='ocrx_word' id='word_1_456' title='bbox 237 4019 404 4107; x_wconf 84' lang='lat' dir='ltr'><strong>gentilibus</strong></span> <span class='ocrx_word' id='word_1_457' title='bbox 425 4039 496 4084; x_wconf 89' lang='lat' dir='ltr'><strong>eum</strong></span> <span class='ocrx_word' id='word_1_458' title='bbox 518 4017 623 4082; x_wconf 90' lang='lat' dir='ltr'><strong>uidere</strong></span> <span class='ocrx_word' id='word_1_459' title='bbox 642 4017 816 4084; x_wconf 86' lang='lat' dir='ltr'><strong>uolentibus</strong></span> <span class='ocrx_word' id='word_1_460' title='bbox 838 4017 948 4083; x_wconf 86' lang='lat' dir='ltr'><strong>horam</strong></span> <span class='ocrx_word' id='word_1_461' title='bbox 967 4037 1041 4082; x_wconf 86' lang='lat' dir='ltr'><strong>auae</strong></span> <span class='ocrx_word' id='word_1_462' title='bbox 1061 4014 1287 4082; x_wconf 81' lang='lat' dir='ltr'><strong>clarificationis</strong></span> <span class='ocrx_word' id='word_1_463' title='bbox 1312 4037 1346 4082; x_wconf 91' lang='lat' dir='ltr'><strong>se</strong></span> <span class='ocrx_word' id='word_1_464' title='bbox 1380 4015 1454 4080; x_wconf 89' lang='lat' dir='ltr'><strong>dicit</strong></span> <span class='ocrx_word' id='word_1_465' title='bbox 1473 4026 1503 4082; x_wconf 90' lang='lat' dir='ltr'><strong>et</strong></span> <span class='ocrx_word' id='word_1_466' title='bbox 1515 4039 1648 4104; x_wconf 87' lang='lat' dir='ltr'><strong>granum</strong></span> <span class='ocrx_word' id='word_1_467' title='bbox 1661 4018 1844 4106; x_wconf 76' lang='lat' dir='ltr'><strong>flumenque</strong></span> <span class='ocrx_word' id='word_1_468' title='bbox 1860 4029 2016 4085; x_wconf 89' lang='lat' dir='ltr'><strong>mortuum</strong></span> <span class='ocrx_word' id='word_1_469' title='bbox 2029 4018 2160 4085; x_wconf 89' lang='lat' dir='ltr'><strong>multum</strong></span> 
     </span>
    </p>
   </div>
   <div class='ocr_carea' id='block_1_19' title="bbox 237 4160 2163 4341">
    <p class='ocr_par' dir='ltr' id='par_1_19' title="bbox 237 4160 2163 4341">
     <span class='ocr_line' id='line_1_34' title="bbox 237 4160 2161 4235; baseline 0 -12"><span class='ocrx_word' id='word_1_470' title='bbox 237 4179 339 4225; x_wconf 71' lang='lat' dir='ltr'><strong>naaman</strong></span> <span class='ocrx_word' id='word_1_471' title='bbox 398 4169 526 4235; x_wconf 67' lang='lat' dir='ltr'><strong>cobenges</strong></span> <span class='ocrx_word' id='word_1_472' title='bbox 594 4171 762 4232; x_wconf 72' lang='lat' dir='ltr'><strong>tobrsngende</strong></span> <span class='ocrx_word' id='word_1_473' title='bbox 814 4172 975 4221; x_wconf 79' lang='lat' dir='ltr'><strong>embehtande</strong></span> <span class='ocrx_word' id='word_1_474' title='bbox 1039 4183 1073 4219; x_wconf 79' lang='lat' dir='ltr'><strong>ec</strong></span> <span class='ocrx_word' id='word_1_475' title='bbox 1092 4169 1147 4219; x_wconf 79' lang='lat' dir='ltr'><strong>’oon</strong></span> <span class='ocrx_word' id='word_1_476' title='bbox 1181 4169 1234 4219; x_wconf 87' lang='lat' dir='ltr'><strong>him</strong></span> <span class='ocrx_word' id='word_1_477' title='bbox 1295 4169 1489 4232; x_wconf 72' lang='lat' dir='ltr'><strong>arwyrdlicnet</strong></span> <span class='ocrx_word' id='word_1_478' title='bbox 1565 4160 1688 4222; x_wconf 63' lang='lat' dir='ltr'><strong>ferendae</strong></span> <span class='ocrx_word' id='word_1_479' title='bbox 1739 4175 1804 4223; x_wconf 73' lang='lat' dir='ltr'><strong>from</strong></span> <span class='ocrx_word' id='word_1_480' title='bbox 1837 4173 1906 4223; x_wconf 81' lang='lat' dir='ltr'><strong>tader</strong></span> <span class='ocrx_word' id='word_1_481' title='bbox 2092 4175 2161 4223; x_wconf 84' lang='lat' dir='ltr'><strong>rauel</strong></span> 
     </span>
     <span class='ocr_line' id='line_1_35' title="bbox 237 4248 2163 4341; baseline 0.001 -25"><span class='ocrx_word' id='word_1_482' title='bbox 237 4251 339 4318; x_wconf 71' lang='lat' dir='ltr'><strong>fructu</strong></span> <span class='ocrx_word' id='word_1_483' title='bbox 373 4252 551 4340; x_wconf 88' lang='lat' dir='ltr'><strong>pronuntiat</strong></span> <span class='ocrx_word' id='word_1_484' title='bbox 593 4250 758 4315; x_wconf 88' lang='lat' dir='ltr'><strong>allaturum</strong></span> <span class='ocrx_word' id='word_1_485' title='bbox 785 4249 1009 4316; x_wconf 86' lang='lat' dir='ltr'><strong>ministrantem</strong></span> <span class='ocrx_word' id='word_1_486' title='bbox 1029 4271 1152 4337; x_wconf 90' lang='lat' dir='ltr'><strong>quoque</strong></span> <span class='ocrx_word' id='word_1_487' title='bbox 1171 4249 1230 4314; x_wconf 88' lang='lat' dir='ltr'><strong>sibi</strong></span> <span class='ocrx_word' id='word_1_488' title='bbox 1248 4248 1516 4316; x_wconf 86' lang='lat' dir='ltr'><strong>honorificandum</strong></span> <span class='ocrx_word' id='word_1_489' title='bbox 1550 4251 1700 4338; x_wconf 88' lang='lat' dir='ltr'><strong>promittit</strong></span> <span class='ocrx_word' id='word_1_490' title='bbox 1766 4275 1785 4316; x_wconf 91' lang='lat' dir='ltr'><strong>a</strong></span> <span class='ocrx_word' id='word_1_491' title='bbox 1830 4263 1927 4341; x_wconf 82' lang='lat' dir='ltr'><strong>patre.</strong></span> <span class='ocrx_word' id='word_1_492' title='bbox 1958 4275 2062 4317; x_wconf 85' lang='lat' dir='ltr'><strong>xxxn.</strong></span> <span class='ocrx_word' id='word_1_493' title='bbox 2084 4253 2163 4317; x_wconf 88' lang='lat' dir='ltr'><strong>Ani·</strong></span> 
     </span>
    </p>
   </div>
   <div class='ocr_carea' id='block_1_20' title="bbox 237 4399 2163 4574">
    <p class='ocr_par' dir='ltr' id='par_1_20' title="bbox 237 4399 2163 4574">
     <span class='ocr_line' id='line_1_36' title="bbox 365 4399 2163 4482; baseline 0.001 -27"><span class='ocrx_word' id='word_1_494' title='bbox 365 4407 403 4456; x_wconf 82' lang='lat' dir='ltr'><strong>bta</strong></span> <span class='ocrx_word' id='word_1_495' title='bbox 463 4405 594 4469; x_wconf 76' lang='lat' dir='ltr'><strong>gestyrsdo</strong></span> <span class='ocrx_word' id='word_1_496' title='bbox 628 4404 680 4482; x_wconf 54' lang='lat' dir='ltr'><strong>pte</strong></span> <span class='ocrx_word' id='word_1_497' title='bbox 698 4405 735 4454; x_wconf 80' lang='lat' dir='ltr'><strong>ste</strong></span> <span class='ocrx_word' id='word_1_498' title='bbox 769 4403 836 4454; x_wconf 71' lang='lat' dir='ltr'><strong>’dem</strong></span> <span class='ocrx_word' id='word_1_499' title='bbox 854 4403 1000 4454; x_wconf 75' lang='lat' dir='ltr'><strong>enoe’oende</strong></span> <span class='ocrx_word' id='word_1_500' title='bbox 1034 4399 1051 4462; x_wconf 71' lang='grc'>1</span> <span class='ocrx_word' id='word_1_501' title='bbox 1087 4401 1246 4463; x_wconf 72' lang='lat' dir='ltr'><strong>gebrehtnigo</strong></span> <span class='ocrx_word' id='word_1_502' title='bbox 1280 4401 1339 4452; x_wconf 80' lang='lat' dir='ltr'><strong>uine</strong></span> <span class='ocrx_word' id='word_1_503' title='bbox 1373 4405 1410 4453; x_wconf 80' lang='lat' dir='ltr'><strong>fro</strong></span> <span class='ocrx_word' id='word_1_504' title='bbox 1461 4404 1530 4455; x_wconf 80' lang='lat' dir='ltr'><strong>rader</strong></span> <span class='ocrx_word' id='word_1_505' title='bbox 1577 4405 1721 4470; x_wconf 71' lang='lat' dir='ltr'><strong>gerigenda</strong></span> <span class='ocrx_word' id='word_1_506' title='bbox 1759 4409 1824 4456; x_wconf 82' lang='lat' dir='ltr'><strong>stem</strong></span> <span class='ocrx_word' id='word_1_507' title='bbox 1869 4409 1897 4456; x_wconf 81' lang='lat' dir='ltr'><strong>ot</strong></span> <span class='ocrx_word' id='word_1_508' title='bbox 1938 4405 2030 4456; x_wconf 82' lang='lat' dir='ltr'><strong>heotnu</strong></span> <span class='ocrx_word' id='word_1_509' title='bbox 2079 4407 2163 4458; x_wconf 64' lang='lat' dir='ltr'><strong>soced</strong></span> 
     </span>
     <span class='ocr_line' id='line_1_37' title="bbox 237 4482 2144 4574; baseline -0.001 -22"><span class='ocrx_word' id='word_1_510' title='bbox 237 4505 320 4552; x_wconf 84' lang='lat' dir='ltr'><strong>mam</strong></span> <span class='ocrx_word' id='word_1_511' title='bbox 342 4507 429 4550; x_wconf 87' lang='lat' dir='ltr'><strong>suam</strong></span> <span class='ocrx_word' id='word_1_512' title='bbox 464 4486 586 4551; x_wconf 67' lang='lat' dir='ltr'><strong>nabau</strong></span> <span class='ocrx_word' id='word_1_513' title='bbox 651 4505 717 4550; x_wconf 89' lang='lat' dir='ltr'><strong>esse</strong></span> <span class='ocrx_word' id='word_1_514' title='bbox 831 4483 944 4548; x_wconf 88' lang='lat' dir='ltr'><strong>dicenti</strong></span> <span class='ocrx_word' id='word_1_515' title='bbox 1032 4492 1063 4548; x_wconf 92' lang='lat' dir='ltr'><strong>et</strong></span> <span class='ocrx_word' id='word_1_516' title='bbox 1089 4482 1257 4547; x_wconf 85' lang='lat' dir='ltr'><strong>clarificare</strong></span> <span class='ocrx_word' id='word_1_517' title='bbox 1297 4503 1331 4548; x_wconf 91' lang='lat' dir='ltr'><strong>se</strong></span> <span class='ocrx_word' id='word_1_518' title='bbox 1379 4505 1398 4547; x_wconf 92' lang='lat' dir='ltr'><strong>a</strong></span> <span class='ocrx_word' id='word_1_519' title='bbox 1448 4494 1535 4571; x_wconf 87' lang='lat' dir='ltr'><strong>patre</strong></span> <span class='ocrx_word' id='word_1_520' title='bbox 1576 4486 1714 4574; x_wconf 90' lang='lat' dir='ltr'><strong>poscenti</strong></span> <span class='ocrx_word' id='word_1_521' title='bbox 1754 4508 1818 4551; x_wconf 88' lang='lat' dir='ltr'><strong>uox</strong></span> <span class='ocrx_word' id='word_1_522' title='bbox 1863 4484 1902 4549; x_wconf 92' lang='lat' dir='ltr'><strong>de</strong></span> <span class='ocrx_word' id='word_1_523' title='bbox 1941 4485 2027 4551; x_wconf 87' lang='lat' dir='ltr'><strong>caelo</strong></span> <span class='ocrx_word' id='word_1_524' title='bbox 2101 4485 2144 4550; x_wconf 89' lang='lat' dir='ltr'><strong>ait</strong></span> 
     </span>
    </p>
   </div>
   <div class='ocr_carea' id='block_1_21' title="bbox 237 4629 2163 4807">
    <p class='ocr_par' dir='ltr' id='par_1_21' title="bbox 237 4629 2163 4807">
     <span class='ocr_line' id='line_1_38' title="bbox 237 4629 2141 4702; baseline 0.001 -14"><span class='ocrx_word' id='word_1_525' title='bbox 237 4639 261 4689; x_wconf 90' lang='lat' dir='ltr'><strong>io</strong></span> <span class='ocrx_word' id='word_1_526' title='bbox 278 4639 444 4701; x_wconf 70' lang='lat' dir='ltr'><strong>gebrshtnade</strong></span> <span class='ocrx_word' id='word_1_527' title='bbox 581 4639 630 4691; x_wconf 75' lang='lat' dir='ltr'><strong>’oar</strong></span> <span class='ocrx_word' id='word_1_528' title='bbox 664 4641 763 4702; x_wconf 76' lang='lat' dir='ltr'><strong>menige</strong></span> <span class='ocrx_word' id='word_1_529' title='bbox 826 4629 939 4700; x_wconf 59' lang='lat' dir='ltr'><strong>tersisse</strong></span> <span class='ocrx_word' id='word_1_530' title='bbox 1002 4638 1089 4687; x_wconf 83' lang='lat' dir='ltr'><strong>hatath</strong></span> <span class='ocrx_word' id='word_1_531' title='bbox 1130 4636 1168 4686; x_wconf 73' lang='grc' dir='ltr'><strong>’δι</strong></span> <span class='ocrx_word' id='word_1_532' title='bbox 1209 4636 1267 4686; x_wconf 79' lang='lat' dir='ltr'><strong>hine</strong></span> <span class='ocrx_word' id='word_1_533' title='bbox 1301 4649 1334 4685; x_wconf 90' lang='lat' dir='ltr'><strong>ns</strong></span> <span class='ocrx_word' id='word_1_534' title='bbox 1373 4641 1400 4686; x_wconf 84' lang='lat' dir='ltr'><strong>to</strong></span> <span class='ocrx_word' id='word_1_535' title='bbox 1463 4635 1601 4688; x_wconf 75' lang='lat' dir='ltr'><strong>dormanno</strong></span> <span class='ocrx_word' id='word_1_536' title='bbox 1661 4639 1691 4689; x_wconf 81' lang='lat' dir='ltr'><strong>ah</strong></span> <span class='ocrx_word' id='word_1_537' title='bbox 1740 4643 1767 4689; x_wconf 84' lang='lat' dir='ltr'><strong>to</strong></span> <span class='ocrx_word' id='word_1_538' title='bbox 1837 4640 1956 4690; x_wconf 77' lang='lat' dir='ltr'><strong>bostanno</strong></span> <span class='ocrx_word' id='word_1_539' title='bbox 2036 4640 2141 4690; x_wconf 77' lang='lat' dir='ltr'><strong>middad</strong></span> 
     </span>
     <span class='ocr_line' id='line_1_39' title="bbox 259 4713 2163 4807; baseline 0.002 -24"><span class='ocrx_word' id='word_1_540' title='bbox 259 4717 423 4784; x_wconf 81' lang='lat' dir='ltr'><strong>clarificaui</strong></span> <span class='ocrx_word' id='word_1_541' title='bbox 473 4729 543 4807; x_wconf 87' lang='lat' dir='ltr'><strong>post</strong></span> <span class='ocrx_word' id='word_1_542' title='bbox 569 4720 646 4785; x_wconf 89' lang='lat' dir='ltr'><strong>haec</strong></span> <span class='ocrx_word' id='word_1_543' title='bbox 665 4719 763 4783; x_wconf 87' lang='lat' dir='ltr'><strong>multa</strong></span> <span class='ocrx_word' id='word_1_544' title='bbox 782 4716 980 4805; x_wconf 89' lang='lat' dir='ltr'><strong>prosequitur</strong></span> <span class='ocrx_word' id='word_1_545' title='bbox 1006 4716 1087 4781; x_wconf 89' lang='lat' dir='ltr'><strong>inter</strong></span> <span class='ocrx_word' id='word_1_546' title='bbox 1107 4735 1186 4801; x_wconf 90' lang='lat' dir='ltr'><strong>quae</strong></span> <span class='ocrx_word' id='word_1_547' title='bbox 1217 4736 1251 4780; x_wconf 90' lang='lat' dir='ltr'><strong>se</strong></span> <span class='ocrx_word' id='word_1_548' title='bbox 1281 4736 1346 4779; x_wconf 94' lang='lat' dir='ltr'><strong>non</strong></span> <span class='ocrx_word' id='word_1_549' title='bbox 1366 4713 1624 4782; x_wconf 87' lang='lat' dir='ltr'><strong>adiudicandum</strong></span> <span class='ocrx_word' id='word_1_550' title='bbox 1651 4718 1706 4784; x_wconf 91' lang='lat' dir='ltr'><strong>sed</strong></span> <span class='ocrx_word' id='word_1_551' title='bbox 1733 4717 1774 4784; x_wconf 89' lang='lat' dir='ltr'><strong>sd</strong></span> <span class='ocrx_word' id='word_1_552' title='bbox 1802 4719 1985 4787; x_wconf 88' lang='lat' dir='ltr'><strong>saluandum</strong></span> <span class='ocrx_word' id='word_1_553' title='bbox 2011 4719 2163 4786; x_wconf 91' lang='lat' dir='ltr'><strong>mundum</strong></span> 
     </span>
    </p>
   </div>
   <div class='ocr_carea' id='block_1_22' title="bbox 238 4869 2226 5040">
    <p class='ocr_par' dir='ltr' id='par_1_22' title="bbox 238 4869 2226 5040">
     <span class='ocr_line' id='line_1_40' title="bbox 239 4869 2165 4950; baseline 0.002 -28"><span class='ocrx_word' id='word_1_554' title='bbox 239 4885 356 4934; x_wconf 72' lang='lat' dir='ltr'><strong>gosnam</strong></span> <span class='ocrx_word' id='word_1_555' title='bbox 391 4871 506 4935; x_wconf 73' lang='lat' dir='ltr'><strong>geey’oed</strong></span> <span class='ocrx_word' id='word_1_556' title='bbox 523 4873 573 4924; x_wconf 65' lang='lat' dir='ltr'><strong>blo</strong></span> <span class='ocrx_word' id='word_1_557' title='bbox 787 4887 841 4922; x_wconf 78' lang='lat' dir='ltr'><strong>arar</strong></span> <span class='ocrx_word' id='word_1_558' title='bbox 891 4873 955 4922; x_wconf 82' lang='lat' dir='ltr'><strong>nom</strong></span> <span class='ocrx_word' id='word_1_559' title='bbox 989 4873 1067 4920; x_wconf 78' lang='lat' dir='ltr'><strong>torma</strong></span> <span class='ocrx_word' id='word_1_560' title='bbox 1118 4873 1171 4920; x_wconf 81' lang='lat' dir='ltr'><strong>rost</strong></span> <span class='ocrx_word' id='word_1_561' title='bbox 1221 4869 1324 4933; x_wconf 64' lang='lat' dir='ltr'><strong>gatauh</strong></span> <span class='ocrx_word' id='word_1_562' title='bbox 1369 4869 1432 4920; x_wconf 73' lang='lat' dir='ltr'><strong>’erra</strong></span> <span class='ocrx_word' id='word_1_563' title='bbox 1450 4869 1544 4932; x_wconf 60' lang='lat' dir='ltr'><strong>{signa</strong></span> <span class='ocrx_word' id='word_1_564' title='bbox 1630 4872 1716 4922; x_wconf 84' lang='lat' dir='ltr'><strong>bisone</strong></span> <span class='ocrx_word' id='word_1_565' title='bbox 1796 4872 1895 4934; x_wconf 73' lang='lat' dir='ltr'><strong>geralde</strong></span> <span class='ocrx_word' id='word_1_566' title='bbox 1923 4872 1981 4923; x_wconf 80' lang='lat' dir='ltr'><strong>hine</strong></span> <span class='ocrx_word' id='word_1_567' title='bbox 2011 4872 2086 4925; x_wconf 66' lang='lat' dir='ltr'><strong>eund</strong></span> <span class='ocrx_word' id='word_1_568' title='bbox 2112 4872 2165 4950; x_wconf 60' lang='lat' dir='ltr'><strong>pto</strong></span> 
     </span>
     <span class='ocr_line' id='line_1_41' title="bbox 238 4948 2226 5040; baseline 0.002 -24"><span class='ocrx_word' id='word_1_569' title='bbox 238 4951 358 5016; x_wconf 86' lang='lat' dir='ltr'><strong>uenisse</strong></span> <span class='ocrx_word' id='word_1_570' title='bbox 414 4961 545 5017; x_wconf 88' lang='lat' dir='ltr'><strong>testatur</strong></span> <span class='ocrx_word' id='word_1_571' title='bbox 603 4949 878 5040; x_wconf 82' lang='lat' dir='ltr'><strong>xxx111.Surgens</strong></span> <span class='ocrx_word' id='word_1_572' title='bbox 919 4974 938 5015; x_wconf 87' lang='lat' dir='ltr'><strong>a</strong></span> <span class='ocrx_word' id='word_1_573' title='bbox 985 4971 1061 5016; x_wconf 87' lang='lat' dir='ltr'><strong>cena</strong></span> <span class='ocrx_word' id='word_1_574' title='bbox 1090 4948 1184 5036; x_wconf 81' lang='lat' dir='ltr'><strong>pedes</strong></span> <span class='ocrx_word' id='word_1_575' title='bbox 1229 4948 1305 5014; x_wconf 87' lang='lat' dir='ltr'><strong>lauit</strong></span> <span class='ocrx_word' id='word_1_576' title='bbox 1335 4948 1555 5038; x_wconf 79' lang='lat' dir='ltr'><strong>discipulorum</strong></span> <span class='ocrx_word' id='word_1_577' title='bbox 1576 4950 1753 5039; x_wconf 88' lang='lat' dir='ltr'><strong>exemplum</strong></span> <span class='ocrx_word' id='word_1_578' title='bbox 1773 4950 1894 5018; x_wconf 90' lang='lat' dir='ltr'><strong>dedisse</strong></span> <span class='ocrx_word' id='word_1_579' title='bbox 1925 4973 1960 5020; x_wconf 88' lang='lat' dir='ltr'><strong>se</strong></span> <span class='ocrx_word' id='word_1_580' title='bbox 1990 4952 2095 5038; x_wconf 79' lang='lat' dir='ltr'><strong>dicens</strong></span> <span class='ocrx_word' id='word_1_581' title='bbox 2118 4963 2153 5018; x_wconf 90' lang='lat' dir='ltr'><strong>ut</strong></span> <span class='ocrx_word' id='word_1_582' title='bbox 2184 4953 2226 5020; x_wconf 78' lang='lat'><strong>20</strong></span> 
     </span>
    </p>
   </div>
   <div class='ocr_carea' id='block_1_23' title="bbox 238 5053 2161 5276">
    <p class='ocr_par' dir='ltr' id='par_1_23' title="bbox 238 5053 2161 5276">
     <span class='ocr_line' id='line_1_42' title="bbox 246 5053 2158 5182; baseline -0.001 -24"><span class='ocrx_word' id='word_1_583' title='bbox 246 5109 289 5158; x_wconf 81' lang='lat' dir='ltr'><strong>hta</strong></span> <span class='ocrx_word' id='word_1_584' title='bbox 324 5053 379 5158; x_wconf 77' lang='lat' dir='ltr'><strong>cmii</strong></span> <span class='ocrx_word' id='word_1_585' title='bbox 396 5107 483 5170; x_wconf 63' lang='lat' dir='ltr'><strong>dagno</strong></span> <span class='ocrx_word' id='word_1_586' title='bbox 531 5104 601 5156; x_wconf 76' lang='lat' dir='ltr'><strong>doa’t</strong></span> <span class='ocrx_word' id='word_1_587' title='bbox 641 5105 718 5156; x_wconf 66' lang='lat' dir='ltr'><strong>³esitio</strong></span> <span class='ocrx_word' id='word_1_588' title='bbox 774 5105 848 5169; x_wconf 69' lang='lat' dir='ltr'><strong>allero</strong></span> <span class='ocrx_word' id='word_1_589' title='bbox 904 5095 974 5155; x_wconf 67' lang='lat' dir='ltr'><strong>dubi</strong></span> <span class='ocrx_word' id='word_1_590' title='bbox 1004 5103 1172 5182; x_wconf 63' lang='lat' dir='ltr'><strong>¹jsgsrrorhto</strong></span> <span class='ocrx_word' id='word_1_591' title='bbox 1224 5103 1341 5156; x_wconf 62' lang='lat' dir='ltr'><strong>sotadeo</strong></span> <span class='ocrx_word' id='word_1_592' title='bbox 1568 5119 1601 5156; x_wconf 83' lang='lat' dir='ltr'><strong>ne</strong></span> <span class='ocrx_word' id='word_1_593' title='bbox 1642 5119 1700 5157; x_wconf 83' lang='lat' dir='ltr'><strong>uera</strong></span> <span class='ocrx_word' id='word_1_594' title='bbox 1757 5119 1816 5157; x_wconf 81' lang='lat' dir='ltr'><strong>asna</strong></span> <span class='ocrx_word' id='word_1_595' title='bbox 1912 5121 1981 5158; x_wconf 78' lang='lat' dir='ltr'><strong>mara</strong></span> <span class='ocrx_word' id='word_1_596' title='bbox 2048 5105 2158 5157; x_wconf 74' lang='lat' dir='ltr'><strong>blitardo</strong></span> 
     </span>
     <span class='ocr_line' id='line_1_43' title="bbox 238 5183 2161 5276; baseline 0.001 -25"><span class='ocrx_word' id='word_1_597' title='bbox 238 5187 296 5276; x_wconf 90' lang='lat' dir='ltr'><strong>ipsi</strong></span> <span class='ocrx_word' id='word_1_598' title='bbox 323 5187 479 5252; x_wconf 87' lang='lat' dir='ltr'><strong>conseruis</strong></span> <span class='ocrx_word' id='word_1_599' title='bbox 500 5186 613 5251; x_wconf 82' lang='lat' dir='ltr'><strong>faciant</strong></span> <span class='ocrx_word' id='word_1_600' title='bbox 633 5185 717 5272; x_wconf 92' lang='lat' dir='ltr'><strong>quod</strong></span> <span class='ocrx_word' id='word_1_601' title='bbox 737 5186 875 5250; x_wconf 91' lang='lat' dir='ltr'><strong>omnium</strong></span> <span class='ocrx_word' id='word_1_602' title='bbox 895 5183 971 5250; x_wconf 63' lang='lat' dir='ltr'><strong>dnm</strong></span> <span class='ocrx_word' id='word_1_603' title='bbox 1032 5186 1141 5252; x_wconf 85' lang='lat' dir='ltr'><strong>fecisse</strong></span> <span class='ocrx_word' id='word_1_604' title='bbox 1191 5185 1373 5273; x_wconf 87' lang='lat' dir='ltr'><strong>probarunt.</strong></span> <span class='ocrx_word' id='word_1_605' title='bbox 1391 5206 1523 5250; x_wconf 85' lang='lat' dir='ltr'><strong>xxxrru.</strong></span> <span class='ocrx_word' id='word_1_606' title='bbox 1544 5183 1619 5250; x_wconf 90' lang='lat' dir='ltr'><strong>Non</strong></span> <span class='ocrx_word' id='word_1_607' title='bbox 1640 5207 1707 5252; x_wconf 90' lang='lat' dir='ltr'><strong>esse</strong></span> <span class='ocrx_word' id='word_1_608' title='bbox 1726 5207 1851 5252; x_wconf 89' lang='lat' dir='ltr'><strong>seruum</strong></span> <span class='ocrx_word' id='word_1_609' title='bbox 1886 5187 2005 5253; x_wconf 75' lang='lat' dir='ltr'><strong>meiord</strong></span> <span class='ocrx_word' id='word_1_610' title='bbox 2036 5186 2161 5253; x_wconf 88' lang='lat' dir='ltr'><strong>domino</strong></span> 
     </span>
    </p>
   </div>
   <div class='ocr_carea' id='block_1_24' title="bbox 281 5373 2172 5440">
    <p class='ocr_par' dir='ltr' id='par_1_24' title="bbox 281 5373 2172 5440">
     <span class='ocr_line' id='line_1_44' title="bbox 281 5373 2172 5440; baseline -0.001 -13"><span class='ocrx_word' id='word_1_611' title='bbox 281 5378 306 5427; x_wconf 74' lang='lat'><strong>8.</strong></span> <span class='ocrx_word' id='word_1_612' title='bbox 324 5377 384 5426; x_wconf 83' lang='lat' dir='ltr'><strong>odra</strong></span> <span class='ocrx_word' id='word_1_613' title='bbox 403 5375 455 5426; x_wconf 71' lang='lat' dir='ltr'><strong>MS.</strong></span> <span class='ocrx_word' id='word_1_614' title='bbox 490 5379 513 5425; x_wconf 77' lang='lat' dir='ltr'><strong>a.</strong></span> <span class='ocrx_word' id='word_1_615' title='bbox 531 5377 669 5426; x_wconf 70' lang='lat' dir='ltr'><strong>noxietate</strong></span> <span class='ocrx_word' id='word_1_616' title='bbox 687 5374 739 5426; x_wconf 75' lang='lat' dir='ltr'><strong>MS.</strong></span> <span class='ocrx_word' id='word_1_617' title='bbox 774 5379 798 5426; x_wconf 73' lang='lat' dir='ltr'><strong>a.</strong></span> <span class='ocrx_word' id='word_1_618' title='bbox 816 5377 915 5439; x_wconf 72' lang='lat' dir='ltr'><strong>halgum</strong></span> <span class='ocrx_word' id='word_1_619' title='bbox 932 5373 984 5426; x_wconf 65' lang='lat' dir='ltr'><strong>m</strong></span> <span class='ocrx_word' id='word_1_620' title='bbox 1020 5380 1060 5428; x_wconf 83' lang='lat'><strong>11.</strong></span> <span class='ocrx_word' id='word_1_621' title='bbox 1077 5375 1094 5425; x_wconf 90' lang='lat' dir='ltr'><strong>l.</strong></span> <span class='ocrx_word' id='word_1_622' title='bbox 1110 5375 1184 5426; x_wconf 75' lang='lat' dir='ltr'><strong>solut</strong></span> <span class='ocrx_word' id='word_1_623' title='bbox 1220 5375 1630 5428; x_wconf 63' lang='lat' dir='ltr'><strong>renumerationem</strong></span> <span class='ocrx_word' id='word_1_624' title='bbox 1666 5378 1706 5427; x_wconf 83' lang='grc'><strong>18.</strong></span> <span class='ocrx_word' id='word_1_625' title='bbox 1725 5377 1865 5429; x_wconf 73' lang='lat' dir='ltr'><strong>clarificari.</strong></span> <span class='ocrx_word' id='word_1_626' title='bbox 1900 5377 1941 5428; x_wconf 68' lang='lat'><strong>21.</strong></span> <span class='ocrx_word' id='word_1_627' title='bbox 1959 5375 1976 5425; x_wconf 89' lang='lat' dir='ltr'><strong>l.</strong></span> <span class='ocrx_word' id='word_1_628' title='bbox 1995 5375 2172 5440; x_wconf 69' lang='lat' dir='ltr'><strong>smedegnum.</strong></span> 
     </span>
    </p>
   </div>
   <div class='ocr_carea' id='block_1_25' title="bbox 0 0 2498 6304">
    <p class='ocr_par' dir='ltr' id='par_1_25' title="bbox 0 0 2498 6304">
     <span class='ocr_line' id='line_1_45' title="bbox 0 0 2498 6304; baseline 0 0"><span class='ocrx_word' id='word_1_629' title='bbox 0 0 2498 6304; x_wconf 95' lang='lat' dir='ltr'><strong> </strong></span> 
     </span>
    </p>
   </div>
  </div>
 </body>
</html>
