4980 6304
1143 359 1399 461 ..515...

292 583 330 630 bia
390 583 522 644 bispellum
677 579 693 640 Ἰ
729 580 807 631 cwa’b
842 582 939 631 tobim
973 595 1023 630 swa
1057 580 1116 639 eo]
1154 597 1183 643 ge
1270 586 1371 646 unbogu
1452 598 1552 646 aranga
1604 599 1635 634 na
1670 583 1729 634 ml’b
1741 583 1778 647 'by
1791 597 1920 634 onenawas
1933 599 1962 644 ga
1997 583 2090 635 turbon
2144 585 2191 633 alle

276 663 340 726 eius
362 661 551 748 parabolam.
595 662 644 725 18.
666 660 707 726 Et
745 662 787 724 ait
863 660 923 724 illis
974 661 1018 724 sic
1069 669 1099 724 et
1142 684 1197 726 uos
1218 663 1428 750 imprudentes
1449 663 1545 730 estis?
1581 686 1643 729 non
1734 663 1904 751 intelligitis
2011 665 2082 750 quia
2117 684 2210 729 omne

353 807 396 848 uta
505 799 533 846 in
552 799 613 848 code
656 800 682 848 iu
718 799 786 848 tons
805 811 895 850 manno
943 811 973 846 ua
1022 811 1098 858 maga
1136 799 1195 849 bine
1271 801 1397 863 giwldliga
1498 823 1499 832 ι
1567 801 1661 851 forban
1705 814 1736 850 ne
1793 801 1873 862 ragat
1909 805 1936 850 in
1970 802 2054 852 heorts
2089 803 2127 850 bis
2162 803 2193 850 ab

277 879 467 944 extrinsecus
487 877 635 942 introiens
655 879 687 942 in
729 877 886 942 hominem
924 899 989 941 non
1009 887 1110 965 potest
1130 901 1202 944 eum
1224 882 1451 946 communicare
1495 881 1543 946 19.
1583 880 1655 966 quia
1692 902 1755 944 non
1787 879 1881 944 intrat
1906 879 1939 944 in
1985 902 2039 944 cor
2070 879 2135 946 eius
2156 879 2211 944 sed

276 1017 303 1064 in
356 1017 452 1065 wamba
621 1013 638 1075 Ἰ
675 1019 754 1066 lnnun
789 1022 926 1077 utgongum
961 1020 990 1064 ut
1005 1029 1063 1077 gaas
1105 1015 1215 1064 clsnslas
1285 1017 1333 1065 alle
1359 1005 1362 1012 ⁴
1384 1023 1462 1066 metas
1634 1017 1712 1068 crab
1764 1017 1863 1068 wutudt
1914 1016 2009 1067 turbon
2053 1017 2089 1067 ’6ο
2108 1017 2143 1067 be
2178 1017 2205 1064 at

278 1095 309 1158 in
332 1105 473 1160 acumem
506 1093 591 1158 uadit
616 1104 646 1159 et
700 1093 733 1156 in
785 1115 939 1160 secessum
982 1094 1045 1160 exit
1091 1117 1229 1182 purgans
1252 1117 1358 1160 omnes
1381 1095 1489 1161 escas?
1531 1096 1580 1160 20.
1601 1096 1735 1161 Dicebat
1761 1107 1862 1162 autem
1885 1097 2030 1181 quoniam
2062 1117 2141 1182 quae
2172 1093 2211 1160 de

313 1247 369 1284 men
447 1239 518 1294 utgas
571 1231 608 1283 ’da
678 1232 817 1294 giwidligas
888 1232 925 1283 'ba
943 1245 1034 1281 monuo
1171 1235 1236 1282 trum
1278 1232 1440 1282 ionnawordu
1484 1232 1576 1282 turbon
1612 1235 1640 1282 ot
1681 1234 1764 1282 beante
1847 1245 1940 1281 monna
2048 1245 2179 1292 sauuage

279 1311 404 1376 homine
426 1322 541 1376 exeunt
561 1311 615 1376 illa
637 1312 864 1376 communicant
884 1311 1050 1376 bominem
1093 1312 1142 1376 21.
1174 1312 1229 1376 Ab
1312 1313 1393 1376 intus
1489 1313 1571 1378 enim
1610 1313 1648 1378 de
1680 1313 1774 1378 corde
1811 1312 1973 1376 hominum
2011 1312 2212 1398 cogitationes

307 1451 355 1510 ytal
416 1450 454 1498 art
471 1448 564 1498 cumas
609 1449 683 1498 deme
703 1449 806 1511 ailigere
845 1449 937 1500 unrabt
954 1450 1048 1499 bsmcd
1091 1449 1197 1500 morbus
1214 1449 1284 1511 slagu
1418 1447 1534 1499 blofcnta
1589 1451 1703 1511 gitsunge
1748 1449 1951 1498 unrehtwianisss
1986 1448 2125 1498 eswicnisse
2160 1460 2208 1496 an·

281 1528 380 1594 malae
408 1526 580 1616 procedunt
632 1527 783 1592 adulteria
838 1527 1056 1595 fornicationes
1097 1528 1263 1594 homicidia
1336 1527 1386 1592 22.
1427 1528 1509 1592 furta
1569 1529 1716 1593 auaritiae
1770 1529 1925 1615 nequitiae
2008 1528 2097 1593 dolus
2159 1527 2214 1590 im·
2255 1528 2275 1590 5

280 1666 429 1716 aecmtulnli
485 1677 530 1726 ago
618 1665 668 1726 ylla
736 1665 894 1726 aarulsongas
955 1666 1075 1728 orsrhygd
1125 1666 1265 1714 unwbdom
1441 1665 1489 1714 alle
1566 1665 1613 1716 'bas
1673 1667 1722 1728 ytel
1757 1667 1821 1716 from
1864 1666 2010 1715 ionawardb
2051 1668 2103 1714 tore
2121 1662 2215 1714 euma’b

280 1743 425 1831 pudicitia
454 1743 561 1810 oculus
596 1745 694 1809 malus
725 1743 917 1832 blasphemia
947 1745 1091 1833 superbia
1132 1745 1266 1810 stultitia.
1329 1745 1379 1808 23.
1401 1743 1516 1810 Omnia
1546 1745 1623 1810 haee
1654 1745 1736 1810 mala
1774 1769 1792 1810 a
1890 1745 1972 1809 intus
2043 1743 2215 1831 procedunt

289 1878 306 1940 Ἰ
411 1881 497 1932 widlas
585 1881 654 1932 bane
670 1895 763 1932 monuo
903 1879 919 1942 Ἰ
983 1881 1019 1933 iia
1096 1898 1150 1933 aras
1219 1884 1302 1932 [cerda
1337 1884 1365 1932 in
1399 1885 1500 1942 maru
1534 1885 1596 1944 tyris
1635 1881 1650 1943 Ἰ
1705 1884 1801 1932 sidonis
1845 1880 1860 1941 Ἰ
1933 1881 2022 1931 lneoda
2125 1881 2173 1930 hus

282 1969 313 2025 et
332 1959 559 2025 communicant
593 1961 760 2026 hominem.
819 1963 869 2026 24.
892 1960 934 2025 Ει
964 1960 1037 2026 inde
1061 1985 1192 2050 surgens
1224 1962 1298 2028 abiit
1333 1963 1364 2027 iu
1410 1961 1488 2027 fines
1526 1962 1604 2049 Tyri
1627 1977 1657 2028 et
1683 1961 1808 2030 Sidonis
1838 1971 1869 2028 et
1903 1962 2061 2046 ingressus
2088 1958 2215 2025 domum

282 2099 421 2159 aamgmon
474 2099 553 2147 walde
601 2104 667 2147 ποια
700 2094 716 2156 Ἰ
761 2113 792 2149 ne
826 2100 914 2148 mahta
948 2099 1036 2160 gibais
1173 2099 1264 2176 *ptuit
1300 2100 1395 2150 forban
1430 2113 1492 2149 sana
1535 2097 1587 2174 ΙῙῑιο
1622 2100 1723 2161 giherde
1758 2101 1787 2148 at
1819 2101 1871 2148 him
1906 2099 1979 2148 hirei
1992 2098 2060 2148 bare
2111 2094 2190 2144 haldo

283 2175 438 2244 neminem
466 2177 563 2242 uoluit
591 2177 668 2242 scire
690 2191 720 2242 et
744 2200 807 2243 non
826 2179 925 2265 potuit
944 2179 1048 2244 latere.
1091 2181 1141 2246 25.
1162 2181 1276 2246 Mulier
1307 2179 1390 2245 enim
1415 2179 1517 2244 statim
1545 2189 1579 2242 ut
1617 2177 1734 2244 audiuit
1752 2179 1792 2244 dc
1824 2201 1861 2244 co
1934 2177 2021 2242 euius
2083 2174 2217 2240 habebat

285 2313 371 2364 dohter
438 2320 493 2375 gast
587 2315 716 2364 unclanne
785 2316 896 2364 intoerde
929 2315 944 2374 Ἰ
999 2319 1087 2368 forteal
1139 2325 1166 2368 ιο
1200 2323 1279 2368 totum
1322 2318 1360 2368 his
1497 2313 1589 2376 Ἰνιοο
1625 2316 1723 2366 wutndl
1758 2319 1802 2366 vit
1818 2316 1871 2366 ’det
1912 2315 2002 2366 haten
2039 2313 2093 2364 'bas
2109 2314 2217 2376 strophi-

299 2393 363 2458 filia
394 2393 536 2482 spiritum
558 2393 749 2458 immundum
778 2394 903 2460 intrarat
922 2405 953 2462 et
973 2396 1105 2484 procidit
1132 2399 1171 2463 ad
1192 2400 1286 2485 pedes
1307 2400 1380 2464 eius.
1423 2398 1473 2463 26.
1505 2397 1583 2462 Erat
1630 2397 1712 2462 enim
1753 2397 1865 2461 mulier
1892 2394 2015 2482 gentilis
2036 2391 2216 2480 Syrophoe

284 2530 354 2580 nisa
423 2543 515 2591 eynnes
568 2530 583 2589 Ἰ
644 2532 754 2591 gibcdun
803 2532 860 2582 blus
895 2532 948 2610 15ts
985 2533 1053 2584 bans
1071 2535 1165 2583 diowul
1199 2536 1322 2598 larwurpa
1358 2539 1385 2585 ot
1417 2535 1519 2585 dauhtar
1558 2534 1598 2583 hle
1750 2535 1780 2582 be
1816 2533 1894 2583 cwab
1928 2539 1954 2582 ιο
1972 2531 2040 2582 'bam
2074 2533 2119 2580 lett
2136 2532 2147 2579 l
2163 2531 2218 2580 blin

285 2609 367 2674 nissa
403 2631 544 2696 genere·
562 2621 592 2676 et
630 2609 761 2697 rogabat
791 2631 862 2676 eum
905 2625 938 2678 ut
970 2613 1165 2678 daemonium
1195 2614 1317 2680 eiiceret
1345 2616 1385 2680 de
1429 2614 1494 2679 lilia
1542 2613 1615 2677 cius.
1657 2613 1706 2677 27.
1729 2611 1792 2692 Qui
1813 2613 1891 2676 dixit
1959 2611 2005 2674 illi
2108 2610 2174 2676 sine
2239 2613 2277 2675 10

286 2751 352 2798 arist
395 2747 447 2800 ’dat
460 2749 608 2809 cogitosus
643 2748 754 2798 baanna
789 2763 820 2798 ne
870 2750 892 2798 is
927 2749 1019 2800 turbon
1068 2752 1133 2812 good
1189 2759 1215 2802 ιο
1228 2754 1352 2802 amemus
1403 2753 1458 2802 blut
1520 2750 1693 2800 &insanum
1731 2747 1747 2809 Ἰ
1802 2749 1878 2798 aenda
1927 2747 2042 2798 bandum
2166 2746 2217 2797 aab

285 2827 370 2913 prius
440 2827 568 2892 saunari
661 2828 741 2892 filios
779 2851 841 2894 non
864 2838 910 2894 est
937 2829 1018 2894 enim
1042 2831 1158 2896 bonum
1206 2854 1329 2897 sumere
1370 2853 1482 2919 panem
1534 2831 1669 2898 filiorum
1718 2842 1749 2897 et
1772 2831 1893 2895 mittere
1915 2829 2050 2894 canibus.
2093 2827 2143 2892 28.
2171 2829 2219 2892 Αι

294 2965 335 3016 bio
382 2965 543 3015 cndswarada
586 2962 602 3024 Ἰ
648 2965 726 3016 owae’b
773 2966 825 3014 bim
863 2966 962 3016 vutudl
1015 2967 1040 3015 la
1058 2967 1113 3016 drib
1160 2969 1254 3018 forban
1298 2966 1358 3028 ee]
1402 2971 1510 3032 hwalpas
1550 2970 1629 3018 undar
1664 2966 1770 3018 besdum
1804 2969 1833 3017 ot
1869 2965 2025 3025 screadungu
2076 2965 2123 3015 hta
2142 2971 2194 3014 etas

286 3045 340 3109 illa
378 3045 538 3132 respondit
580 3055 611 3112 et
648 3045 727 3110 dixit
774 3046 820 3110 illi
862 3048 967 3134 utiquc
1004 3047 1128 3113 domine
1174 3071 1246 3112 nam
1317 3059 1348 3114 et
1409 3049 1511 3114 catelli
1562 3049 1619 3113 sub
1668 3069 1775 3112 mensa
1801 3046 1840 3111 de
1904 3045 1991 3110 micis
2053 3045 2219 3110 comedunt

289 3184 350 3234 ’bara
369 3184 464 3232 enabta
648 3182 727 3234 cwa’b
762 3189 788 3232 ιο
806 3183 845 3231 hir
896 3185 948 3232 lare
1018 3183 1119 3234 ’bissum
1193 3186 1275 3235 words
1352 3200 1398 3247 gea
1444 3184 1544 3244 Ἰοοοο
1598 3184 1633 3236 ’de
1654 3185 1747 3235 dioqu
1798 3185 1827 3233 ot
1860 3183 1962 3232 dealiter
1996 3183 2048 3232 hire
2185 3179 2201 3240 Ἰ

287 3285 462 3351 puerorum.
513 3262 563 3327 29.
584 3261 626 3326 Ει
663 3263 706 3326 ait
777 3263 823 3326 illi
863 3272 991 3350 propter
1024 3263 1107 3328 hunc
1143 3286 1317 3330 sermonem
1339 3265 1420 3330 uade
1459 3266 1534 3331 exiit
1575 3265 1772 3360 daemonium
1802 3287 1821 3327 a
1882 3263 1946 3328 filia
1995 3273 2057 3326 tua.
2106 3265 2156 3328 30.
2177 3261 2220 3326 Et

288 3400 344 3450 ποθι
362 3399 400 3463 ily
433 3399 543 3461 glicerds
560 3399 571 3448 t
590 3399 650 3448 eade
684 3405 710 3447 ιο
729 3400 791 3448 busa
928 3404 1011 3460 mmet
1028 3401 1041 3448 t
1057 3402 1117 3451 land
1151 3400 1307 3476 &magdon
1353 3404 1466 3464 liuganda
1528 3404 1580 3452 oter
1619 3403 1803 3453 boddatiaste
1837 3398 1853 3459 Ἰ
1901 3401 1955 3451 'tat
1973 3401 2065 3450 ‹llowul
2110 3399 2138 3448 ot
2154 3399 2214 3448 eade

309 3502 378 3544 cum
481 3481 604 3545 abiisset
675 3479 802 3544 domum
824 3503 911 3546 suam
968 3481 1086 3546 inuenit
1166 3481 1301 3569 puellam
1332 3481 1481 3548 iacentem
1503 3506 1596 3570 supra
1658 3482 1771 3548 lectum
1830 3491 1861 3546 et
1882 3481 2079 3546 daemonium
2099 3478 2217 3544 exiisse

373 3613 389 3676 Ἰ
436 3619 497 3666 altar
514 3630 576 3666 rona
615 3617 700 3666 toards
748 3619 777 3667 cr
822 3619 924 3680 gimeru
969 3627 1034 3684 tyras
1085 3633 1140 3670 eom
1187 3619 1252 3670 berh
1318 3619 1392 3668 sidon
1466 3625 1492 3670 ιο
1559 3634 1591 3670 se
1682 3621 1775 3683 galitas
1799 3615 1801 3620 ’
1827 3619 1913 3668 bitwih
1948 3619 2061 3668 middum
2095 3618 2221 3677 rimarum

289 3701 338 3764 31.
368 3698 409 3763 Et
450 3697 561 3763 iterum
603 3697 709 3762 exiens
741 3697 779 3762 de
817 3699 929 3764 finibus
960 3698 1038 3786 Tyri
1075 3698 1160 3764 uenit
1194 3720 1249 3785 per
1276 3695 1424 3764 Sidonem
1457 3699 1496 3763 ad
1528 3721 1614 3766 mare
1644 3699 1803 3766 Galilaeae
1834 3699 1914 3764 inter
1956 3697 2073 3762 medios
2115 3696 2192 3762 fines
2241 3695 2282 3760 15

292 3855 318 3900 ot
333 3853 482 3915 decapotsm
627 3848 643 3911 Ἰ
681 3857 707 3900 ιο
725 3847 834 3916 Ιοάιιωξι
868 3853 919 3901 him
979 3853 1050 3902 decta
1111 3849 1127 3912 Ἰ
1182 3853 1273 3901 dumba
1330 3849 1345 3910 Ἰ
1451 3853 1561 3912 gibedun
1654 3855 1713 3903 hine
1751 3852 1801 3928 pte
1836 3853 1975 3900 haonsette
2010 3849 2069 3899 hine
2113 3848 2197 3900 banda

292 3932 493 4019 Iieespoleos.
536 3932 586 3996 32.
611 3930 651 3993 Ει
677 3931 833 3996 adducunt
876 3933 904 3996 ei
945 3933 1074 3997 surdum
1103 3941 1133 3995 et
1164 3941 1283 3996 mutum
1323 3941 1353 3996 et
1382 3931 1626 4019 deprecabantur
1647 3955 1718 3998 eum
1759 3942 1793 3997 ut
1833 3931 1972 4018 imponat
2009 3929 2055 3992 illi
2086 3949 2220 3992 manum.

375 4083 391 4144 Ἰ
480 4091 505 4134 ιο
522 4085 608 4147 gigrap
694 4084 751 4132 hina
787 4086 815 4134 ot
850 4084 918 4135 bam
936 4085 1023 4136 ’ereata
1057 4084 1196 4146 synderlice
1236 4084 1313 4134 sends
1353 4086 1446 4146 mgna
1496 4086 1535 4135 bis
1582 4087 1607 4136 in
1651 4086 1779 4149 earllpriea
1831 4085 1869 4133 bis
1913 4083 1929 4145 Ἰ
1973 4084 2076 4146 giblim
2127 4081 2213 4142 giban

292 4165 342 4230 33.
363 4163 405 4229 Et
424 4163 659 4251 apprehendens
686 4183 757 4227 eum
778 4161 817 4228 de
878 4163 970 4228 turba
1064 4185 1203 4230 asomum
1239 4165 1321 4228 misit
1341 4165 1453 4250 digitos
1477 4189 1549 4231 suos
1577 4167 1608 4230 in
1637 4165 1790 4231 auriculas
1820 4166 1884 4231 cius
1906 4175 1937 4231 et
1962 4184 2099 4251 expuens
2119 4159 2219 4246 tetigit

282 4371 286 4379 ,
326 4327 404 4381 tanga
630 4316 645 4377 Ἰ
709 4321 801 4379 cntsng
861 4331 893 4368 on
928 4315 1074 4376 beataum]
1280 4315 1296 4378 Ἰ
1334 4319 1412 4370 caea
1447 4320 1539 4368 tobim
1764 4319 1816 4370 ’bret
1864 4321 1886 4368 is
1939 4326 1965 4368 ιο
1983 4323 2062 4378 untya
2195 4312 2212 4374 Ἰ

294 4398 430 4484 linguam
452 4399 525 4462 eius.
549 4400 598 4466 34.
615 4396 656 4462 Et
676 4397 844 4485 suspiciens
864 4398 897 4462 in
944 4397 1065 4462 coelum
1103 4397 1253 4484 ingemuit
1273 4407 1303 4462 et
1351 4399 1394 4463 ait
1463 4397 1509 4462 illi
1550 4397 1835 4487 Ephphsthaquod
1856 4407 1902 4463 est
1922 4394 2091 4482 adaperire.
2118 4393 2168 4460 35.
2182 4391 2225 4457 Et

309 4565 371 4601 sona
436 4552 547 4612 cntynde
582 4565 665 4600 vernn
716 4565 774 4600 caru
834 4550 872 4598 bis
921 4548 938 4609 Ἰ
980 4549 1117 4600 unbunden
1161 4563 1216 4600 vta
1276 4551 1369 4613 giband
1456 4557 1534 4614 tanga
1594 4553 1632 4600 hta
1673 4549 1688 4611 Ἰ
1726 4552 1859 4616 sprecende
1879 4563 1932 4598 waes
1967 4549 2067 4597 rehtliee
2196 4544 2212 4606 Ἰ

293 4632 393 4696 statim
428 4641 551 4718 apertae
590 4642 661 4696 sunt
699 4653 789 4696 aures
821 4631 885 4696 eius
917 4639 947 4694 et
981 4629 1115 4694 solutum
1164 4640 1210 4696 est
1244 4630 1403 4695 uinculum
1431 4629 1556 4717 linguae
1577 4632 1642 4696 eius
1664 4641 1694 4696 et
1734 4633 1918 4720 loquebatur
1964 4639 2056 4696 reete.
2109 4629 2159 4694 36.
2181 4627 2223 4694 Et

328 4785 418 4834 bibead
481 4783 548 4836 bam
565 4787 613 4834 llea
649 4785 701 4834 ’bat
718 4784 748 4832 be
783 4785 889 4846 anigum
908 4799 964 4834 mon
1012 4785 1119 4846 gnarus
1170 4799 1220 4834 swa
1239 4785 1307 4836 swib
1341 4785 1440 4838 wutudl
1474 4787 1525 4835 bim
1609 4788 1708 4836 torbsnd
1805 4799 1856 4834 swa
1906 4782 2002 4833 scribas
2035 4797 2103 4832 mara
2137 4783 2225 4834 turbor

294 4864 447 4951 praecepit
510 4863 571 4928 illis
675 4885 714 4929 ne
836 4865 886 4930 cui
988 4863 1133 4930 dicerent.
1181 4874 1294 4950 quanto
1336 4873 1438 4930 autem
1473 4867 1515 4931 eis
1557 4866 1763 4954 praecipiebat
1793 4873 1877 4928 tanto
1906 4863 2006 4950 magis
2037 4863 2107 4950 plus
2138 4883 2224 4950 prac-
2243 4862 2286 4926 20

294 5019 341 5067 hta
358 5018 475 5068 bodadun
615 5015 631 5077 Ἰ
668 5018 725 5066 bias
761 5020 789 5066 ot
807 5017 860 5068 ’bon
878 5017 965 5070 lorber
998 5023 1024 5068 ιο
1043 5018 1225 5080 givundradun
1262 5019 1313 5070 bus
1331 5019 1468 5071 cwabande
1508 5020 1555 5070 wel
1629 5019 1676 5068 alla
1738 5019 1803 5078 dyda
1842 5013 1858 5076 Ἰ
1921 5017 1994 5066 deute
2046 5017 2111 5078 dyde
2147 5013 2222 5066 batte

314 5097 465 5162 dicabant
523 5097 574 5160 37.
596 5095 637 5160 Ει
675 5118 712 5162 eo
795 5097 926 5186 amplius
998 5097 1229 5164 admirabantur
1300 5099 1435 5166 dicentes
1486 5099 1566 5164 bene
1597 5098 1700 5162 omnia
1732 5098 1803 5163 fecit
1834 5108 1866 5164 et
1896 5097 2005 5162 surdos
2036 5095 2108 5161 fecit

296 5253 336 5300 hia
353 5253 448 5313 glheras
490 5246 507 5308 Ἰ
550 5249 648 5298 dumba
682 5265 786 5313 sprecun

316 5329 423 5397 audire
485 5339 516 5394 et
545 5339 647 5396 mutos
686 5330 782 5417 loqui.
