<?xml version="1.0" encoding="UTF-8"?>
<!DOCTYPE html PUBLIC "-//W3C//DTD XHTML 1.0 Transitional//EN"
    "http://www.w3.org/TR/xhtml1/DTD/xhtml1-transitional.dtd">
<html xmlns="http://www.w3.org/1999/xhtml" xml:lang="en" lang="en">
 <head>
  <title>
</title>
<meta http-equiv="Content-Type" content="text/html;charset=utf-8" />
  <meta name='ocr-system' content='tesseract 3.04.00' />
  <meta name='ocr-capabilities' content='ocr_page ocr_carea ocr_par ocr_line ocrx_word'/>
</head>
<body>
  <div class='ocr_page' id='page_1' title='image "./screadungaanglo02boutgoog/screadungaanglo02boutgoog_0044.png"; bbox 0 0 4980 6304; ppageno 0'>
   <div class='ocr_carea' id='block_1_1' title="bbox 1149 435 1397 510">
    <p class='ocr_par' dir='ltr' id='par_1_1' title="bbox 1149 435 1397 510">
     <span class='ocr_line' id='line_1_1' title="bbox 1149 435 1397 510; baseline 0 -22"><span class='ocrx_word' id='word_1_1' title='bbox 1149 435 1397 510; x_wconf 67' lang='lat'><strong>..34-</strong></span> 
     </span>
    </p>
   </div>
   <div class='ocr_carea' id='block_1_2' title="bbox 378 632 2271 713">
    <p class='ocr_par' dir='ltr' id='par_1_2' title="bbox 378 632 2271 713">
     <span class='ocr_line' id='line_1_2' title="bbox 378 632 2271 713; baseline -0.002 -26"><span class='ocrx_word' id='word_1_2' title='bbox 378 637 404 713; x_wconf 62' lang='lat'><strong>15</strong></span> <span class='ocrx_word' id='word_1_3' title='bbox 456 639 482 687; x_wconf 86' lang='lat' dir='ltr'><strong>tn</strong></span> <span class='ocrx_word' id='word_1_4' title='bbox 523 638 583 686; x_wconf 84' lang='lat' dir='ltr'><strong>hose</strong></span> <span class='ocrx_word' id='word_1_5' title='bbox 624 651 691 686; x_wconf 79' lang='lat' dir='ltr'><strong>ware</strong></span> <span class='ocrx_word' id='word_1_6' title='bbox 725 636 742 698; x_wconf 90' lang='grc' dir='ltr'><strong><em>Ἰ</em></strong></span> <span class='ocrx_word' id='word_1_7' title='bbox 797 638 851 686; x_wconf 83' lang='lat' dir='ltr'><strong>etna</strong></span> <span class='ocrx_word' id='word_1_8' title='bbox 868 651 955 686; x_wconf 84' lang='lat' dir='ltr'><strong>comen</strong></span> <span class='ocrx_word' id='word_1_9' title='bbox 999 638 1099 699; x_wconf 76' lang='lat' dir='ltr'><strong>menige</strong></span> <span class='ocrx_word' id='word_1_10' title='bbox 1135 640 1182 711; x_wconf 70' lang='lat' dir='ltr'><strong>pus</strong></span> <span class='ocrx_word' id='word_1_11' title='bbox 1216 637 1268 713; x_wconf 62' lang='lat' dir='ltr'><strong>pte</strong></span> <span class='ocrx_word' id='word_1_12' title='bbox 1303 653 1333 686; x_wconf 92' lang='lat' dir='ltr'><strong>ne</strong></span> <span class='ocrx_word' id='word_1_13' title='bbox 1368 638 1456 686; x_wconf 77' lang='lat' dir='ltr'><strong>mahte</strong></span> <span class='ocrx_word' id='word_1_14' title='bbox 1473 639 1531 685; x_wconf 80' lang='lat' dir='ltr'><strong>rom</strong></span> <span class='ocrx_word' id='word_1_15' title='bbox 1549 635 1561 684; x_wconf 91' lang='grc'><strong>1</strong></span> <span class='ocrx_word' id='word_1_16' title='bbox 1577 635 1679 684; x_wconf 86' lang='lat' dir='ltr'><strong>nioman</strong></span> <span class='ocrx_word' id='word_1_17' title='bbox 1739 649 1770 684; x_wconf 85' lang='lat' dir='ltr'><strong>ne</strong></span> <span class='ocrx_word' id='word_1_18' title='bbox 1831 642 1857 685; x_wconf 95' lang='grc' dir='ltr'><strong>ιο</strong></span> <span class='ocrx_word' id='word_1_19' title='bbox 1893 635 1952 685; x_wconf 87' lang='lat' dir='ltr'><strong>dors</strong></span> <span class='ocrx_word' id='word_1_20' title='bbox 1969 637 1981 684; x_wconf 89' lang='lat' dir='ltr'><strong>t</strong></span> <span class='ocrx_word' id='word_1_21' title='bbox 1998 641 2023 684; x_wconf 89' lang='grc' dir='ltr'><strong>ιο</strong></span> <span class='ocrx_word' id='word_1_22' title='bbox 2042 641 2112 698; x_wconf 77' lang='lat' dir='ltr'><strong>geete</strong></span> <span class='ocrx_word' id='word_1_23' title='bbox 2147 632 2163 695; x_wconf 98' lang='grc' dir='ltr'><strong><em>Ἰ</em></strong></span> <span class='ocrx_word' id='word_1_24' title='bbox 2200 649 2271 700; x_wconf 83' lang='lat' dir='ltr'><strong>spre-</strong></span> 
     </span>
    </p>
   </div>
   <div class='ocr_carea' id='block_1_3' title="bbox 345 713 2253 804">
    <p class='ocr_par' dir='ltr' id='par_1_3' title="bbox 345 713 2253 804">
     <span class='ocr_line' id='line_1_3' title="bbox 345 713 2253 804; baseline -0.001 -22"><span class='ocrx_word' id='word_1_25' title='bbox 345 717 428 804; x_wconf 90' lang='lat' dir='ltr'><strong>quod</strong></span> <span class='ocrx_word' id='word_1_26' title='bbox 448 718 480 781; x_wconf 93' lang='lat' dir='ltr'><strong>in</strong></span> <span class='ocrx_word' id='word_1_27' title='bbox 502 717 596 782; x_wconf 90' lang='lat' dir='ltr'><strong>domo</strong></span> <span class='ocrx_word' id='word_1_28' title='bbox 618 726 696 782; x_wconf 90' lang='lat' dir='ltr'><strong>esset</strong></span> <span class='ocrx_word' id='word_1_29' title='bbox 716 726 746 782; x_wconf 89' lang='lat' dir='ltr'><strong>et</strong></span> <span class='ocrx_word' id='word_1_30' title='bbox 767 727 977 782; x_wconf 88' lang='lat' dir='ltr'><strong>conuenerunt</strong></span> <span class='ocrx_word' id='word_1_31' title='bbox 1005 717 1092 782; x_wconf 89' lang='lat' dir='ltr'><strong>multi</strong></span> <span class='ocrx_word' id='word_1_32' title='bbox 1135 717 1177 781; x_wconf 91' lang='lat' dir='ltr'><strong>ita</strong></span> <span class='ocrx_word' id='word_1_33' title='bbox 1219 728 1343 781; x_wconf 90' lang='lat' dir='ltr'><strong>utnon</strong></span> <span class='ocrx_word' id='word_1_34' title='bbox 1468 724 1591 803; x_wconf 88' lang='lat' dir='ltr'><strong>caperet</strong></span> <span class='ocrx_word' id='word_1_35' title='bbox 1703 714 1864 800; x_wconf 90' lang='lat' dir='ltr'><strong>nequead</strong></span> <span class='ocrx_word' id='word_1_36' title='bbox 1946 713 2069 779; x_wconf 87' lang='lat' dir='ltr'><strong>ianuam</strong></span> <span class='ocrx_word' id='word_1_37' title='bbox 2141 723 2172 780; x_wconf 89' lang='lat' dir='ltr'><strong>et</strong></span> <span class='ocrx_word' id='word_1_38' title='bbox 2210 715 2253 780; x_wconf 93' lang='lat' dir='ltr'><strong>lo·</strong></span> 
     </span>
    </p>
   </div>
   <div class='ocr_carea' id='block_1_4' title="bbox 343 835 2262 961">
    <p class='ocr_par' dir='ltr' id='par_1_4' title="bbox 343 835 2262 961">
     <span class='ocr_line' id='line_1_4' title="bbox 343 835 2262 961; baseline 0.001 -24"><span class='ocrx_word' id='word_1_39' title='bbox 343 889 419 938; x_wconf 86' lang='lat' dir='ltr'><strong>cende</strong></span> <span class='ocrx_word' id='word_1_40' title='bbox 439 903 493 937; x_wconf 80' lang='lat' dir='ltr'><strong>was</strong></span> <span class='ocrx_word' id='word_1_41' title='bbox 528 890 600 941; x_wconf 87' lang='lat' dir='ltr'><strong>heom</strong></span> <span class='ocrx_word' id='word_1_42' title='bbox 617 891 628 938; x_wconf 87' lang='grc'><strong>1</strong></span> <span class='ocrx_word' id='word_1_43' title='bbox 645 891 696 938; x_wconf 86' lang='lat' dir='ltr'><strong>him</strong></span> <span class='ocrx_word' id='word_1_44' title='bbox 753 891 821 939; x_wconf 81' lang='lat' dir='ltr'><strong>word</strong></span> <span class='ocrx_word' id='word_1_45' title='bbox 966 887 982 948; x_wconf 95' lang='grc' dir='ltr'><strong><em>Ἰ</em></strong></span> <span class='ocrx_word' id='word_1_46' title='bbox 1054 903 1143 939; x_wconf 87' lang='lat' dir='ltr'><strong>comen</strong></span> <span class='ocrx_word' id='word_1_47' title='bbox 1184 895 1210 938; x_wconf 89' lang='grc' dir='ltr'><strong>ιο</strong></span> <span class='ocrx_word' id='word_1_48' title='bbox 1229 890 1328 939; x_wconf 83' lang='lat' dir='ltr'><strong>terendo</strong></span> <span class='ocrx_word' id='word_1_49' title='bbox 1345 889 1357 938; x_wconf 94' lang='grc'><strong>1</strong></span> <span class='ocrx_word' id='word_1_50' title='bbox 1374 835 1509 950; x_wconf 77' lang='lat' dir='ltr'><strong>brlngande</strong></span> <span class='ocrx_word' id='word_1_51' title='bbox 1544 894 1571 937; x_wconf 92' lang='grc' dir='ltr'><strong>ιο</strong></span> <span class='ocrx_word' id='word_1_52' title='bbox 1606 889 1657 936; x_wconf 87' lang='lat' dir='ltr'><strong>him</strong></span> <span class='ocrx_word' id='word_1_53' title='bbox 1692 891 1756 961; x_wconf 74' lang='lat' dir='ltr'><strong>pone</strong></span> <span class='ocrx_word' id='word_1_54' title='bbox 1774 888 1838 938; x_wconf 65' lang='lat' dir='ltr'><strong>corb</strong></span> <span class='ocrx_word' id='word_1_55' title='bbox 1855 889 1937 951; x_wconf 81' lang='lat' dir='ltr'><strong>crypal</strong></span> <span class='ocrx_word' id='word_1_56' title='bbox 1972 888 2034 938; x_wconf 73' lang='lat' dir='ltr'><strong>esee</strong></span> <span class='ocrx_word' id='word_1_57' title='bbox 2071 889 2106 938; x_wconf 83' lang='lat' dir='ltr'><strong>tro</strong></span> <span class='ocrx_word' id='word_1_58' title='bbox 2142 890 2262 938; x_wconf 68' lang='lat' dir='ltr'><strong>teucrum</strong></span> 
     </span>
    </p>
   </div>
   <div class='ocr_carea' id='block_1_5' title="bbox 345 968 2272 1056">
    <p class='ocr_par' dir='ltr' id='par_1_5' title="bbox 345 968 2272 1056">
     <span class='ocr_line' id='line_1_5' title="bbox 345 968 2272 1056; baseline 0 -24"><span class='ocrx_word' id='word_1_59' title='bbox 345 969 496 1052; x_wconf 89' lang='lat' dir='ltr'><strong>quebatur</strong></span> <span class='ocrx_word' id='word_1_60' title='bbox 592 969 634 1033; x_wconf 90' lang='lat' dir='ltr'><strong>eis</strong></span> <span class='ocrx_word' id='word_1_61' title='bbox 717 970 857 1034; x_wconf 88' lang='lat' dir='ltr'><strong>uerbum.</strong></span> <span class='ocrx_word' id='word_1_62' title='bbox 900 971 929 1034; x_wconf 89' lang='lat'><strong>3.</strong></span> <span class='ocrx_word' id='word_1_63' title='bbox 951 969 993 1034; x_wconf 89' lang='lat' dir='ltr'><strong>Et</strong></span> <span class='ocrx_word' id='word_1_64' title='bbox 1012 981 1165 1038; x_wconf 87' lang='lat' dir='ltr'><strong>uenerunt</strong></span> <span class='ocrx_word' id='word_1_65' title='bbox 1277 969 1410 1034; x_wconf 80' lang='lat' dir='ltr'><strong>ferentes</strong></span> <span class='ocrx_word' id='word_1_66' title='bbox 1539 968 1579 1032; x_wconf 89' lang='lat' dir='ltr'><strong>ad</strong></span> <span class='ocrx_word' id='word_1_67' title='bbox 1598 990 1669 1033; x_wconf 91' lang='lat' dir='ltr'><strong>eum</strong></span> <span class='ocrx_word' id='word_1_68' title='bbox 1710 968 1914 1056; x_wconf 88' lang='lat' dir='ltr'><strong>paralyticum</strong></span> <span class='ocrx_word' id='word_1_69' title='bbox 1972 969 2024 1054; x_wconf 92' lang='lat' dir='ltr'><strong>qui</strong></span> <span class='ocrx_word' id='word_1_70' title='bbox 2075 979 2272 1054; x_wconf 86' lang='lat' dir='ltr'><strong>aquattuor</strong></span> 
     </span>
    </p>
   </div>
   <div class='ocr_carea' id='block_1_6' title="bbox 344 1103 2270 1272">
    <p class='ocr_par' dir='ltr' id='par_1_6' title="bbox 344 1103 2270 1272">
     <span class='ocr_line' id='line_1_6' title="bbox 351 1103 2270 1182; baseline 0.003 -31"><span class='ocrx_word' id='word_1_71' title='bbox 351 1119 405 1153; x_wconf 76' lang='lat' dir='ltr'><strong>was</strong></span> <span class='ocrx_word' id='word_1_72' title='bbox 422 1107 527 1166; x_wconf 78' lang='lat' dir='ltr'><strong>geboren</strong></span> <span class='ocrx_word' id='word_1_73' title='bbox 639 1103 656 1166; x_wconf 94' lang='grc' dir='ltr'><strong><em>Ἰ</em></strong></span> <span class='ocrx_word' id='word_1_74' title='bbox 692 1106 749 1156; x_wconf 75' lang='lat' dir='ltr'><strong>mi&#39;t</strong></span> <span class='ocrx_word' id='word_1_75' title='bbox 768 1109 801 1180; x_wconf 59' lang='grc' dir='ltr'><strong>ιγ</strong></span> <span class='ocrx_word' id='word_1_76' title='bbox 835 1106 862 1154; x_wconf 88' lang='lat' dir='ltr'><strong>hi</strong></span> <span class='ocrx_word' id='word_1_77' title='bbox 879 1121 910 1155; x_wconf 86' lang='lat' dir='ltr'><strong>ne</strong></span> <span class='ocrx_word' id='word_1_78' title='bbox 950 1109 1057 1156; x_wconf 76' lang='lat' dir='ltr'><strong>mahtun</strong></span> <span class='ocrx_word' id='word_1_79' title='bbox 1092 1107 1228 1166; x_wconf 77' lang='lat' dir='ltr'><strong>gebrtngen</strong></span> <span class='ocrx_word' id='word_1_80' title='bbox 1267 1106 1326 1154; x_wconf 84' lang='lat' dir='ltr'><strong>hine</strong></span> <span class='ocrx_word' id='word_1_81' title='bbox 1366 1106 1417 1154; x_wconf 81' lang='lat' dir='ltr'><strong>blm</strong></span> <span class='ocrx_word' id='word_1_82' title='bbox 1452 1107 1491 1154; x_wconf 85' lang='lat' dir='ltr'><strong>tor</strong></span> <span class='ocrx_word' id='word_1_83' title='bbox 1537 1119 1625 1166; x_wconf 74' lang='lat' dir='ltr'><strong>mango</strong></span> <span class='ocrx_word' id='word_1_84' title='bbox 1659 1106 1992 1168; x_wconf 70' lang='lat' dir='ltr'><strong>aenamduntunwreogon</strong></span> <span class='ocrx_word' id='word_1_85' title='bbox 2026 1105 2118 1182; x_wconf 54' lang='lat' dir='ltr'><strong>phur</strong></span> <span class='ocrx_word' id='word_1_86' title='bbox 2134 1107 2147 1153; x_wconf 89' lang='grc'><strong>1</strong></span> <span class='ocrx_word' id='word_1_87' title='bbox 2165 1108 2197 1179; x_wconf 72' lang='lat' dir='ltr'><strong>pe</strong></span> <span class='ocrx_word' id='word_1_88' title='bbox 2212 1104 2270 1156; x_wconf 78' lang='lat' dir='ltr'><strong>btre</strong></span> 
     </span>
     <span class='ocr_line' id='line_1_7' title="bbox 344 1184 2198 1272; baseline 0.002 -26"><span class='ocrx_word' id='word_1_89' title='bbox 344 1185 531 1270; x_wconf 86' lang='lat' dir='ltr'><strong>portabatur.</strong></span> <span class='ocrx_word' id='word_1_90' title='bbox 573 1187 603 1248; x_wconf 88' lang='grc'><strong>4.</strong></span> <span class='ocrx_word' id='word_1_91' title='bbox 625 1184 666 1249; x_wconf 89' lang='grc' dir='ltr'><strong>Ει</strong></span> <span class='ocrx_word' id='word_1_92' title='bbox 712 1209 783 1250; x_wconf 91' lang='lat' dir='ltr'><strong>eum</strong></span> <span class='ocrx_word' id='word_1_93' title='bbox 843 1209 906 1249; x_wconf 93' lang='lat' dir='ltr'><strong>non</strong></span> <span class='ocrx_word' id='word_1_94' title='bbox 941 1194 1067 1272; x_wconf 84' lang='lat' dir='ltr'><strong>possent</strong></span> <span class='ocrx_word' id='word_1_95' title='bbox 1107 1185 1219 1250; x_wconf 87' lang='lat' dir='ltr'><strong>offerre</strong></span> <span class='ocrx_word' id='word_1_96' title='bbox 1261 1207 1332 1248; x_wconf 91' lang='lat' dir='ltr'><strong>eum</strong></span> <span class='ocrx_word' id='word_1_97' title='bbox 1366 1184 1412 1247; x_wconf 91' lang='lat' dir='ltr'><strong>illi</strong></span> <span class='ocrx_word' id='word_1_98' title='bbox 1432 1205 1507 1271; x_wconf 86' lang='lat' dir='ltr'><strong>prae</strong></span> <span class='ocrx_word' id='word_1_99' title='bbox 1530 1186 1621 1250; x_wconf 85' lang='lat' dir='ltr'><strong>turba</strong></span> <span class='ocrx_word' id='word_1_100' title='bbox 1724 1185 1919 1250; x_wconf 85' lang='lat' dir='ltr'><strong>nudauerant</strong></span> <span class='ocrx_word' id='word_1_101' title='bbox 2083 1193 2198 1249; x_wconf 87' lang='lat' dir='ltr'><strong>tectum</strong></span> 
     </span>
    </p>
   </div>
   <div class='ocr_carea' id='block_1_7' title="bbox 343 1319 2270 1490">
    <p class='ocr_par' dir='ltr' id='par_1_7' title="bbox 343 1319 2270 1490">
     <span class='ocr_line' id='line_1_8' title="bbox 343 1319 2270 1396; baseline 0.001 -28"><span class='ocrx_word' id='word_1_102' title='bbox 343 1325 392 1394; x_wconf 70' lang='lat' dir='ltr'><strong>per</strong></span> <span class='ocrx_word' id='word_1_103' title='bbox 426 1323 456 1369; x_wconf 87' lang='lat' dir='ltr'><strong>he</strong></span> <span class='ocrx_word' id='word_1_104' title='bbox 473 1337 528 1372; x_wconf 80' lang='lat' dir='ltr'><strong>was</strong></span> <span class='ocrx_word' id='word_1_105' title='bbox 569 1320 586 1383; x_wconf 93' lang='grc' dir='ltr'><strong><em>Ἰ</em></strong></span> <span class='ocrx_word' id='word_1_106' title='bbox 623 1323 994 1387; x_wconf 79' lang='lat' dir='ltr'><strong>opsnedontopnendcdydon</strong></span> <span class='ocrx_word' id='word_1_107' title='bbox 1046 1321 1344 1372; x_wconf 80' lang='lat' dir='ltr'><strong>edunesenduntsettun</strong></span> <span class='ocrx_word' id='word_1_108' title='bbox 1397 1323 1430 1396; x_wconf 68' lang='lat' dir='ltr'><strong>pt</strong></span> <span class='ocrx_word' id='word_1_109' title='bbox 1447 1322 1504 1369; x_wconf 88' lang='lat' dir='ltr'><strong>berc</strong></span> <span class='ocrx_word' id='word_1_110' title='bbox 1576 1321 1603 1368; x_wconf 90' lang='lat' dir='ltr'><strong>iu</strong></span> <span class='ocrx_word' id='word_1_111' title='bbox 1645 1319 1712 1370; x_wconf 74' lang='lat' dir='ltr'><strong>’tere</strong></span> <span class='ocrx_word' id='word_1_112' title='bbox 1753 1324 1784 1395; x_wconf 69' lang='lat' dir='ltr'><strong>pe</strong></span> <span class='ocrx_word' id='word_1_113' title='bbox 1803 1321 1950 1384; x_wconf 78' lang='lat' dir='ltr'><strong>eor‘scrypsl</strong></span> <span class='ocrx_word' id='word_1_114' title='bbox 1994 1322 2038 1370; x_wconf 75' lang='lat' dir='ltr'><strong>lae</strong></span> <span class='ocrx_word' id='word_1_115' title='bbox 2053 1320 2066 1368; x_wconf 93' lang='grc'><strong>1</strong></span> <span class='ocrx_word' id='word_1_116' title='bbox 2083 1321 2197 1382; x_wconf 71' lang='lat' dir='ltr'><strong>licgende</strong></span> <span class='ocrx_word' id='word_1_117' title='bbox 2214 1335 2270 1370; x_wconf 73' lang='lat' dir='ltr'><strong>neae</strong></span> 
     </span>
     <span class='ocr_line' id='line_1_9' title="bbox 344 1400 2177 1490; baseline 0.001 -27"><span class='ocrx_word' id='word_1_118' title='bbox 344 1401 396 1464; x_wconf 92' lang='lat' dir='ltr'><strong>ubi</strong></span> <span class='ocrx_word' id='word_1_119' title='bbox 439 1412 505 1466; x_wconf 89' lang='lat' dir='ltr'><strong>erat</strong></span> <span class='ocrx_word' id='word_1_120' title='bbox 566 1415 597 1467; x_wconf 88' lang='lat' dir='ltr'><strong>et</strong></span> <span class='ocrx_word' id='word_1_121' title='bbox 690 1403 904 1490; x_wconf 80' lang='lat' dir='ltr'><strong>patefacientes</strong></span> <span class='ocrx_word' id='word_1_122' title='bbox 1082 1400 1289 1465; x_wconf 91' lang='lat' dir='ltr'><strong>submiserunt</strong></span> <span class='ocrx_word' id='word_1_123' title='bbox 1367 1400 1531 1485; x_wconf 82' lang='lat' dir='ltr'>grabatum</span> <span class='ocrx_word' id='word_1_124' title='bbox 1576 1400 1607 1462; x_wconf 93' lang='lat' dir='ltr'><strong>in</strong></span> <span class='ocrx_word' id='word_1_125' title='bbox 1647 1423 1708 1486; x_wconf 92' lang='lat' dir='ltr'><strong>quo</strong></span> <span class='ocrx_word' id='word_1_126' title='bbox 1756 1400 1944 1487; x_wconf 83' lang='lat' dir='ltr'><strong>paralyticus</strong></span> <span class='ocrx_word' id='word_1_127' title='bbox 2048 1401 2177 1466; x_wconf 82' lang='lat' dir='ltr'><strong>iacebat.</strong></span> 
     </span>
    </p>
   </div>
   <div class='ocr_carea' id='block_1_8' title="bbox 302 1533 2270 1705">
    <p class='ocr_par' dir='ltr' id='par_1_8' title="bbox 302 1533 2270 1705">
     <span class='ocr_line' id='line_1_10' title="bbox 399 1533 2270 1613; baseline 0.001 -26"><span class='ocrx_word' id='word_1_128' title='bbox 399 1539 490 1612; x_wconf 65' lang='lat' dir='ltr'><strong>mibpy</strong></span> <span class='ocrx_word' id='word_1_129' title='bbox 525 1541 603 1602; x_wconf 78' lang='lat' dir='ltr'><strong>gesan</strong></span> <span class='ocrx_word' id='word_1_130' title='bbox 656 1544 738 1613; x_wconf 70' lang='lat' dir='ltr'><strong>ponne</strong></span> <span class='ocrx_word' id='word_1_131' title='bbox 773 1554 799 1588; x_wconf 85' lang='lat' dir='ltr'><strong>se</strong></span> <span class='ocrx_word' id='word_1_132' title='bbox 817 1539 911 1588; x_wconf 79' lang='lat' dir='ltr'><strong>halent</strong></span> <span class='ocrx_word' id='word_1_133' title='bbox 945 1541 1038 1600; x_wconf 76' lang='lat' dir='ltr'><strong>galeata</strong></span> <span class='ocrx_word' id='word_1_134' title='bbox 1088 1540 1163 1587; x_wconf 85' lang='lat' dir='ltr'><strong>heora</strong></span> <span class='ocrx_word' id='word_1_135' title='bbox 1212 1541 1285 1611; x_wconf 74' lang='lat' dir='ltr'><strong>cnop</strong></span> <span class='ocrx_word' id='word_1_136' title='bbox 1320 1545 1346 1587; x_wconf 90' lang='grc' dir='ltr'><strong>ιο</strong></span> <span class='ocrx_word' id='word_1_137' title='bbox 1366 1533 1404 1611; x_wconf 62' lang='grc' dir='ltr'><strong>ΡΞ</strong></span> <span class='ocrx_word' id='word_1_138' title='bbox 1421 1537 1583 1601; x_wconf 73' lang='lat' dir='ltr'><strong>eorsurypele</strong></span> <span class='ocrx_word' id='word_1_139' title='bbox 1617 1551 1682 1585; x_wconf 83' lang='lat' dir='ltr'><strong>sunu</strong></span> <span class='ocrx_word' id='word_1_140' title='bbox 1722 1538 1831 1597; x_wconf 80' lang='lat' dir='ltr'><strong>tergeten</strong></span> <span class='ocrx_word' id='word_1_141' title='bbox 1851 1539 1948 1611; x_wconf 73' lang='lat' dir='ltr'><strong>beopau</strong></span> <span class='ocrx_word' id='word_1_142' title='bbox 1991 1537 2025 1588; x_wconf 72' lang='lat' dir='ltr'><strong>&#39;te</strong></span> <span class='ocrx_word' id='word_1_143' title='bbox 2079 1552 2159 1601; x_wconf 77' lang='lat' dir='ltr'><strong>synna</strong></span> <span class='ocrx_word' id='word_1_144' title='bbox 2211 1539 2270 1613; x_wconf 68' lang='lat' dir='ltr'><strong>plue</strong></span> 
     </span>
     <span class='ocr_line' id='line_1_11' title="bbox 302 1616 2270 1705; baseline 0 -23"><span class='ocrx_word' id='word_1_145' title='bbox 302 1618 372 1683; x_wconf 81' lang='lat'><strong>55.</strong></span> <span class='ocrx_word' id='word_1_146' title='bbox 400 1617 482 1684; x_wconf 86' lang='lat' dir='ltr'><strong>Cum</strong></span> <span class='ocrx_word' id='word_1_147' title='bbox 512 1629 614 1684; x_wconf 89' lang='lat' dir='ltr'><strong>autem</strong></span> <span class='ocrx_word' id='word_1_148' title='bbox 635 1620 760 1683; x_wconf 90' lang='lat' dir='ltr'><strong>uidisset</strong></span> <span class='ocrx_word' id='word_1_149' title='bbox 799 1618 885 1683; x_wconf 90' lang='lat' dir='ltr'><strong>Iesus</strong></span> <span class='ocrx_word' id='word_1_150' title='bbox 946 1619 1039 1682; x_wconf 89' lang='lat' dir='ltr'><strong>fidem</strong></span> <span class='ocrx_word' id='word_1_151' title='bbox 1060 1617 1184 1682; x_wconf 86' lang='lat' dir='ltr'><strong>illorum</strong></span> <span class='ocrx_word' id='word_1_152' title='bbox 1227 1617 1269 1680; x_wconf 88' lang='lat' dir='ltr'><strong>ait</strong></span> <span class='ocrx_word' id='word_1_153' title='bbox 1371 1617 1542 1705; x_wconf 80' lang='lat' dir='ltr'><strong>paralytico</strong></span> <span class='ocrx_word' id='word_1_154' title='bbox 1625 1616 1670 1681; x_wconf 88' lang='lat' dir='ltr'><strong>lili</strong></span> <span class='ocrx_word' id='word_1_155' title='bbox 1738 1617 1931 1681; x_wconf 86' lang='lat' dir='ltr'><strong>dimittuntur</strong></span> <span class='ocrx_word' id='word_1_156' title='bbox 1971 1617 2026 1682; x_wconf 88' lang='lat' dir='ltr'><strong>tibi</strong></span> <span class='ocrx_word' id='word_1_157' title='bbox 2053 1627 2179 1704; x_wconf 84' lang='lat' dir='ltr'><strong>peccata</strong></span> <span class='ocrx_word' id='word_1_158' title='bbox 2209 1629 2270 1684; x_wconf 80' lang='lat' dir='ltr'><strong>tua</strong></span> 
     </span>
    </p>
   </div>
   <div class='ocr_carea' id='block_1_9' title="bbox 344 1751 2272 1922">
    <p class='ocr_par' dir='ltr' id='par_1_9' title="bbox 344 1751 2272 1922">
     <span class='ocr_line' id='line_1_12' title="bbox 405 1751 2272 1827; baseline 0.001 -23"><span class='ocrx_word' id='word_1_159' title='bbox 405 1771 487 1805; x_wconf 83' lang='lat' dir='ltr'><strong>weron</strong></span> <span class='ocrx_word' id='word_1_160' title='bbox 522 1757 656 1805; x_wconf 75' lang='lat' dir='ltr'><strong>wertudliee</strong></span> <span class='ocrx_word' id='word_1_161' title='bbox 692 1757 745 1806; x_wconf 76' lang='lat' dir='ltr'><strong>&#39;tar</strong></span> <span class='ocrx_word' id='word_1_162' title='bbox 797 1771 866 1804; x_wconf 90' lang='lat' dir='ltr'><strong>sume</strong></span> <span class='ocrx_word' id='word_1_163' title='bbox 920 1757 948 1804; x_wconf 84' lang='lat' dir='ltr'><strong>el</strong></span> <span class='ocrx_word' id='word_1_164' title='bbox 979 1757 1109 1827; x_wconf 71' lang='lat' dir='ltr'><strong>upwutum</strong></span> <span class='ocrx_word' id='word_1_165' title='bbox 1150 1755 1256 1803; x_wconf 88' lang='lat' dir='ltr'><strong>sittsnde</strong></span> <span class='ocrx_word' id='word_1_166' title='bbox 1300 1751 1316 1814; x_wconf 98' lang='grc' dir='ltr'><strong><em>Ἰ</em></strong></span> <span class='ocrx_word' id='word_1_167' title='bbox 1353 1753 1483 1805; x_wconf 56' lang='lat' dir='ltr'><strong>&amp;urende</strong></span> <span class='ocrx_word' id='word_1_168' title='bbox 1500 1755 1512 1802; x_wconf 89' lang='grc'><strong>1</strong></span> <span class='ocrx_word' id='word_1_169' title='bbox 1529 1754 1645 1802; x_wconf 78' lang='lat' dir='ltr'><strong>emeande</strong></span> <span class='ocrx_word' id='word_1_170' title='bbox 1688 1755 1715 1804; x_wconf 88' lang='lat' dir='ltr'><strong>ln</strong></span> <span class='ocrx_word' id='word_1_171' title='bbox 1766 1754 1879 1804; x_wconf 87' lang='lat' dir='ltr'><strong>heortum</strong></span> <span class='ocrx_word' id='word_1_172' title='bbox 1931 1756 2019 1804; x_wconf 74' lang='lat' dir='ltr'><strong>heortd</strong></span> <span class='ocrx_word' id='word_1_173' title='bbox 2034 1755 2087 1817; x_wconf 85' lang='lat' dir='ltr'><strong>(etc)</strong></span> <span class='ocrx_word' id='word_1_174' title='bbox 2201 1757 2272 1805; x_wconf 72' lang='lat' dir='ltr'><strong>lem</strong></span> 
     </span>
     <span class='ocr_line' id='line_1_13' title="bbox 344 1833 2272 1922; baseline 0.001 -22"><span class='ocrx_word' id='word_1_175' title='bbox 344 1836 373 1900; x_wconf 89' lang='lat'><strong>6.</strong></span> <span class='ocrx_word' id='word_1_176' title='bbox 395 1836 493 1900; x_wconf 85' lang='lat' dir='ltr'><strong>Erant</strong></span> <span class='ocrx_word' id='word_1_177' title='bbox 541 1847 641 1900; x_wconf 90' lang='lat' dir='ltr'><strong>autem</strong></span> <span class='ocrx_word' id='word_1_178' title='bbox 685 1836 748 1900; x_wconf 91' lang='lat' dir='ltr'><strong>illie</strong></span> <span class='ocrx_word' id='word_1_179' title='bbox 770 1836 895 1920; x_wconf 91' lang='lat' dir='ltr'><strong>quidam</strong></span> <span class='ocrx_word' id='word_1_180' title='bbox 916 1833 955 1898; x_wconf 90' lang='lat' dir='ltr'><strong>de</strong></span> <span class='ocrx_word' id='word_1_181' title='bbox 990 1835 1098 1898; x_wconf 87' lang='lat' dir='ltr'><strong>scribis</strong></span> <span class='ocrx_word' id='word_1_182' title='bbox 1132 1833 1273 1899; x_wconf 85' lang='lat' dir='ltr'><strong>sedentes</strong></span> <span class='ocrx_word' id='word_1_183' title='bbox 1294 1845 1324 1899; x_wconf 90' lang='lat' dir='ltr'><strong>et</strong></span> <span class='ocrx_word' id='word_1_184' title='bbox 1417 1834 1586 1922; x_wconf 77' lang='lat' dir='ltr'><strong>cogitantes</strong></span> <span class='ocrx_word' id='word_1_185' title='bbox 1684 1833 1715 1897; x_wconf 91' lang='lat' dir='ltr'><strong>in</strong></span> <span class='ocrx_word' id='word_1_186' title='bbox 1747 1833 1891 1898; x_wconf 89' lang='lat' dir='ltr'><strong>cordibus</strong></span> <span class='ocrx_word' id='word_1_187' title='bbox 1944 1835 2006 1898; x_wconf 91' lang='lat' dir='ltr'><strong>suis</strong></span> <span class='ocrx_word' id='word_1_188' title='bbox 2140 1836 2169 1898; x_wconf 77' lang='grc'><strong>7.</strong></span> <span class='ocrx_word' id='word_1_189' title='bbox 2196 1835 2272 1922; x_wconf 92' lang='lat' dir='ltr'><strong>quid</strong></span> 
     </span>
    </p>
   </div>
   <div class='ocr_carea' id='block_1_10' title="bbox 343 1961 2271 2140">
    <p class='ocr_par' dir='ltr' id='par_1_10' title="bbox 343 1961 2271 2140">
     <span class='ocr_line' id='line_1_14' title="bbox 351 1961 2254 2048; baseline 0.001 -27"><span class='ocrx_word' id='word_1_190' title='bbox 351 1977 394 2046; x_wconf 76' lang='lat' dir='ltr'><strong>pes</strong></span> <span class='ocrx_word' id='word_1_191' title='bbox 432 1973 563 2022; x_wconf 68' lang='lat' dir='ltr'><strong>³testeus</strong></span> <span class='ocrx_word' id='word_1_192' title='bbox 610 1977 711 2047; x_wconf 69' lang='lat' dir='ltr'><strong>rpreeap</strong></span> <span class='ocrx_word' id='word_1_193' title='bbox 768 1969 958 2044; x_wconf 75' lang='lat' dir='ltr'><strong>heotalsaptrie)</strong></span> <span class='ocrx_word' id='word_1_194' title='bbox 994 1973 1048 2020; x_wconf 82' lang='lat' dir='ltr'><strong>hwa</strong></span> <span class='ocrx_word' id='word_1_195' title='bbox 1099 1984 1160 2032; x_wconf 72' lang='lat' dir='ltr'><strong>mag</strong></span> <span class='ocrx_word' id='word_1_196' title='bbox 1202 1961 1302 2033; x_wconf 75' lang='lat' dir='ltr'><strong>ignotan</strong></span> <span class='ocrx_word' id='word_1_197' title='bbox 1319 1972 1331 2019; x_wconf 98' lang='grc'><strong>1</strong></span> <span class='ocrx_word' id='word_1_198' title='bbox 1348 1961 1429 2021; x_wconf 77' lang='lat' dir='ltr'><strong>iletan</strong></span> <span class='ocrx_word' id='word_1_199' title='bbox 1482 1985 1560 2034; x_wconf 78' lang='lat' dir='ltr'><strong>synna</strong></span> <span class='ocrx_word' id='word_1_200' title='bbox 1595 1974 1685 2044; x_wconf 73' lang='lat' dir='ltr'><strong>nympe</strong></span> <span class='ocrx_word' id='word_1_201' title='bbox 1739 1987 1784 2021; x_wconf 84' lang='lat' dir='ltr'><strong>aue</strong></span> <span class='ocrx_word' id='word_1_202' title='bbox 1863 1972 1913 2034; x_wconf 81' lang='lat' dir='ltr'><strong>god</strong></span> <span class='ocrx_word' id='word_1_203' title='bbox 2045 1973 2073 2020; x_wconf 83' lang='lat' dir='ltr'><strong>ot</strong></span> <span class='ocrx_word' id='word_1_204' title='bbox 2088 1976 2138 2048; x_wconf 73' lang='lat' dir='ltr'><strong>pou</strong></span> <span class='ocrx_word' id='word_1_205' title='bbox 2192 1987 2254 2023; x_wconf 81' lang='lat' dir='ltr'><strong>rone</strong></span> 
     </span>
     <span class='ocr_line' id='line_1_15' title="bbox 343 2051 2271 2140; baseline 0.002 -26"><span class='ocrx_word' id='word_1_206' title='bbox 343 2052 394 2116; x_wconf 91' lang='lat' dir='ltr'><strong>hie</strong></span> <span class='ocrx_word' id='word_1_207' title='bbox 475 2053 517 2116; x_wconf 88' lang='lat' dir='ltr'><strong>sie</strong></span> <span class='ocrx_word' id='word_1_208' title='bbox 581 2052 739 2138; x_wconf 77' lang='lat' dir='ltr'><strong>loquitur?</strong></span> <span class='ocrx_word' id='word_1_209' title='bbox 760 2051 967 2140; x_wconf 80' lang='lat' dir='ltr'><strong>blasphemati</strong></span> <span class='ocrx_word' id='word_1_210' title='bbox 989 2051 1056 2136; x_wconf 91' lang='lat' dir='ltr'><strong>quis</strong></span> <span class='ocrx_word' id='word_1_211' title='bbox 1077 2058 1176 2138; x_wconf 88' lang='lat' dir='ltr'><strong>potest</strong></span> <span class='ocrx_word' id='word_1_212' title='bbox 1239 2051 1391 2116; x_wconf 80' lang='lat' dir='ltr'><strong>dimittere</strong></span> <span class='ocrx_word' id='word_1_213' title='bbox 1453 2061 1578 2138; x_wconf 87' lang='lat' dir='ltr'><strong>peccata</strong></span> <span class='ocrx_word' id='word_1_214' title='bbox 1613 2051 1671 2114; x_wconf 86' lang='lat' dir='ltr'><strong>uisi</strong></span> <span class='ocrx_word' id='word_1_215' title='bbox 1715 2051 1797 2116; x_wconf 90' lang='lat' dir='ltr'><strong>solus</strong></span> <span class='ocrx_word' id='word_1_216' title='bbox 1829 2051 1941 2116; x_wconf 83' lang='lat' dir='ltr'><strong>Deus?</strong></span> <span class='ocrx_word' id='word_1_217' title='bbox 1997 2053 2026 2116; x_wconf 87' lang='lat'><strong>8.</strong></span> <span class='ocrx_word' id='word_1_218' title='bbox 2061 2051 2133 2131; x_wconf 85' lang='lat' dir='ltr'><strong>Quo</strong></span> <span class='ocrx_word' id='word_1_219' title='bbox 2169 2053 2271 2117; x_wconf 86' lang='lat' dir='ltr'><strong>statim</strong></span> 
     </span>
    </p>
   </div>
   <div class='ocr_carea' id='block_1_11' title="bbox 343 2188 2271 2358">
    <p class='ocr_par' dir='ltr' id='par_1_11' title="bbox 343 2188 2271 2358">
     <span class='ocr_line' id='line_1_16' title="bbox 373 2188 2270 2265; baseline -0.001 -26"><span class='ocrx_word' id='word_1_220' title='bbox 373 2196 447 2252; x_wconf 77' lang='lat' dir='ltr'><strong>anget</strong></span> <span class='ocrx_word' id='word_1_221' title='bbox 488 2205 513 2239; x_wconf 84' lang='lat' dir='ltr'><strong>ec</strong></span> <span class='ocrx_word' id='word_1_222' title='bbox 531 2191 626 2239; x_wconf 78' lang='lat' dir='ltr'><strong>helend</strong></span> <span class='ocrx_word' id='word_1_223' title='bbox 677 2197 732 2262; x_wconf 66' lang='lat' dir='ltr'><strong>gret</strong></span> <span class='ocrx_word' id='word_1_224' title='bbox 789 2191 827 2239; x_wconf 84' lang='lat' dir='ltr'><strong>htr</strong></span> <span class='ocrx_word' id='word_1_225' title='bbox 867 2188 919 2265; x_wconf 65' lang='lat' dir='ltr'><strong>Tne</strong></span> <span class='ocrx_word' id='word_1_226' title='bbox 954 2204 1004 2237; x_wconf 82' lang='lat' dir='ltr'><strong>swa</strong></span> <span class='ocrx_word' id='word_1_227' title='bbox 1039 2189 1132 2263; x_wconf 71' lang='lat' dir='ltr'><strong>pohtou</strong></span> <span class='ocrx_word' id='word_1_228' title='bbox 1151 2189 1163 2235; x_wconf 95' lang='grc'><strong>1</strong></span> <span class='ocrx_word' id='word_1_229' title='bbox 1181 2188 1298 2238; x_wconf 87' lang='lat' dir='ltr'><strong>smeadon</strong></span> <span class='ocrx_word' id='word_1_230' title='bbox 1332 2188 1424 2237; x_wconf 82' lang='lat' dir='ltr'><strong>betwih</strong></span> <span class='ocrx_word' id='word_1_231' title='bbox 1459 2189 1531 2237; x_wconf 85' lang='lat' dir='ltr'><strong>heom</strong></span> <span class='ocrx_word' id='word_1_232' title='bbox 1565 2194 1638 2263; x_wconf 74' lang='lat' dir='ltr'><strong>ewaep</strong></span> <span class='ocrx_word' id='word_1_233' title='bbox 1678 2193 1705 2239; x_wconf 89' lang='grc' dir='ltr'><strong>ιο</strong></span> <span class='ocrx_word' id='word_1_234' title='bbox 1724 2189 1797 2238; x_wconf 88' lang='lat' dir='ltr'><strong>heom</strong></span> <span class='ocrx_word' id='word_1_235' title='bbox 1831 2189 1900 2236; x_wconf 74' lang='lat' dir='ltr'><strong>beat</strong></span> <span class='ocrx_word' id='word_1_236' title='bbox 1954 2191 1998 2262; x_wconf 73' lang='lat' dir='ltr'><strong>par</strong></span> <span class='ocrx_word' id='word_1_237' title='bbox 2058 2192 2186 2263; x_wconf 67' lang='lat' dir='ltr'><strong>gepencap</strong></span> <span class='ocrx_word' id='word_1_238' title='bbox 2245 2192 2270 2238; x_wconf 83' lang='lat' dir='ltr'><strong>in</strong></span> 
     </span>
     <span class='ocr_line' id='line_1_17' title="bbox 343 2267 2271 2358; baseline -0.001 -26"><span class='ocrx_word' id='word_1_239' title='bbox 343 2270 466 2355; x_wconf 86' lang='lat' dir='ltr'><strong>cognito</strong></span> <span class='ocrx_word' id='word_1_240' title='bbox 514 2270 601 2334; x_wconf 89' lang='lat' dir='ltr'><strong>Iesus</strong></span> <span class='ocrx_word' id='word_1_241' title='bbox 649 2269 757 2356; x_wconf 88' lang='lat' dir='ltr'><strong>spiritu</strong></span> <span class='ocrx_word' id='word_1_242' title='bbox 778 2293 833 2333; x_wconf 91' lang='lat' dir='ltr'><strong>suo</strong></span> <span class='ocrx_word' id='word_1_243' title='bbox 855 2273 927 2358; x_wconf 87' lang='lat' dir='ltr'><strong>quia</strong></span> <span class='ocrx_word' id='word_1_244' title='bbox 955 2272 999 2335; x_wconf 91' lang='lat' dir='ltr'><strong>sie</strong></span> <span class='ocrx_word' id='word_1_245' title='bbox 1081 2270 1251 2356; x_wconf 83' lang='lat' dir='ltr'><strong>cogitarent</strong></span> <span class='ocrx_word' id='word_1_246' title='bbox 1337 2269 1417 2332; x_wconf 90' lang='lat' dir='ltr'><strong>intra</strong></span> <span class='ocrx_word' id='word_1_247' title='bbox 1479 2292 1511 2335; x_wconf 91' lang='lat' dir='ltr'><strong>se</strong></span> <span class='ocrx_word' id='word_1_248' title='bbox 1564 2270 1637 2335; x_wconf 92' lang='lat' dir='ltr'><strong>dieit</strong></span> <span class='ocrx_word' id='word_1_249' title='bbox 1708 2267 1769 2332; x_wconf 90' lang='lat' dir='ltr'><strong>illis</strong></span> <span class='ocrx_word' id='word_1_250' title='bbox 1831 2267 1905 2355; x_wconf 90' lang='lat' dir='ltr'><strong>quid</strong></span> <span class='ocrx_word' id='word_1_251' title='bbox 1950 2267 2008 2332; x_wconf 90' lang='lat' dir='ltr'><strong>ista</strong></span> <span class='ocrx_word' id='word_1_252' title='bbox 2049 2267 2189 2354; x_wconf 89' lang='lat' dir='ltr'><strong>cogitatis</strong></span> <span class='ocrx_word' id='word_1_253' title='bbox 2237 2267 2271 2331; x_wconf 90' lang='lat' dir='ltr'><strong>in</strong></span> 
     </span>
    </p>
   </div>
   <div class='ocr_carea' id='block_1_12' title="bbox 343 2405 2270 2576">
    <p class='ocr_par' dir='ltr' id='par_1_12' title="bbox 343 2405 2270 2576">
     <span class='ocr_line' id='line_1_18' title="bbox 357 2405 2270 2483; baseline -0.001 -28"><span class='ocrx_word' id='word_1_254' title='bbox 357 2407 467 2455; x_wconf 87' lang='lat' dir='ltr'><strong>beertum</strong></span> <span class='ocrx_word' id='word_1_255' title='bbox 511 2421 618 2456; x_wconf 85' lang='lat' dir='ltr'><strong>eowrum</strong></span> <span class='ocrx_word' id='word_1_256' title='bbox 736 2408 806 2457; x_wconf 77' lang='lat' dir='ltr'><strong>hwaet</strong></span> <span class='ocrx_word' id='word_1_257' title='bbox 855 2411 876 2457; x_wconf 85' lang='lat' dir='ltr'><strong>is</strong></span> <span class='ocrx_word' id='word_1_258' title='bbox 921 2409 1006 2482; x_wconf 75' lang='lat' dir='ltr'><strong>sprot</strong></span> <span class='ocrx_word' id='word_1_259' title='bbox 1025 2409 1105 2458; x_wconf 65' lang='lat' dir='ltr'><strong>eatur</strong></span> <span class='ocrx_word' id='word_1_260' title='bbox 1148 2413 1173 2458; x_wconf 97' lang='grc' dir='ltr'><strong>ιο</strong></span> <span class='ocrx_word' id='word_1_261' title='bbox 1191 2411 1324 2483; x_wconf 71' lang='lat' dir='ltr'><strong>ewepanne</strong></span> <span class='ocrx_word' id='word_1_262' title='bbox 1368 2411 1430 2479; x_wconf 74' lang='lat' dir='ltr'><strong>pam</strong></span> <span class='ocrx_word' id='word_1_263' title='bbox 1448 2406 1595 2469; x_wconf 71' lang='lat' dir='ltr'><strong>corberyple</strong></span> <span class='ocrx_word' id='word_1_264' title='bbox 1643 2407 1752 2466; x_wconf 78' lang='lat' dir='ltr'><strong>torgefen</strong></span> <span class='ocrx_word' id='word_1_265' title='bbox 1773 2407 1873 2478; x_wconf 70' lang='lat' dir='ltr'><strong>beopun</strong></span> <span class='ocrx_word' id='word_1_266' title='bbox 1917 2407 1949 2478; x_wconf 66' lang='lat' dir='ltr'><strong>pe</strong></span> <span class='ocrx_word' id='word_1_267' title='bbox 1993 2418 2070 2467; x_wconf 77' lang='lat' dir='ltr'><strong>synue</strong></span> <span class='ocrx_word' id='word_1_268' title='bbox 2089 2407 2148 2478; x_wconf 73' lang='lat' dir='ltr'><strong>pino</strong></span> <span class='ocrx_word' id='word_1_269' title='bbox 2200 2405 2270 2480; x_wconf 70' lang='lat' dir='ltr'><strong>op&#39;be</strong></span> 
     </span>
     <span class='ocr_line' id='line_1_19' title="bbox 343 2484 2248 2576; baseline 0 -28"><span class='ocrx_word' id='word_1_270' title='bbox 343 2485 486 2550; x_wconf 87' lang='lat' dir='ltr'><strong>cordibus</strong></span> <span class='ocrx_word' id='word_1_271' title='bbox 508 2485 642 2550; x_wconf 75' lang='lat' dir='ltr'><strong>uestris?</strong></span> <span class='ocrx_word' id='word_1_272' title='bbox 679 2485 707 2549; x_wconf 91' lang='lat'><strong>9.</strong></span> <span class='ocrx_word' id='word_1_273' title='bbox 730 2485 814 2564; x_wconf 83' lang='lat' dir='ltr'><strong>Quid</strong></span> <span class='ocrx_word' id='word_1_274' title='bbox 843 2499 888 2552; x_wconf 91' lang='lat' dir='ltr'><strong>est</strong></span> <span class='ocrx_word' id='word_1_275' title='bbox 953 2489 1071 2553; x_wconf 87' lang='lat' dir='ltr'><strong>facilius</strong></span> <span class='ocrx_word' id='word_1_276' title='bbox 1182 2488 1284 2552; x_wconf 87' lang='lat' dir='ltr'><strong>dicere</strong></span> <span class='ocrx_word' id='word_1_277' title='bbox 1391 2486 1561 2576; x_wconf 87' lang='lat' dir='ltr'><strong>paralytico</strong></span> <span class='ocrx_word' id='word_1_278' title='bbox 1656 2485 1849 2549; x_wconf 86' lang='lat' dir='ltr'><strong>dimittuntur</strong></span> <span class='ocrx_word' id='word_1_279' title='bbox 1902 2484 1958 2549; x_wconf 91' lang='lat' dir='ltr'><strong>tibi</strong></span> <span class='ocrx_word' id='word_1_280' title='bbox 2008 2494 2134 2572; x_wconf 87' lang='lat' dir='ltr'><strong>peecata</strong></span> <span class='ocrx_word' id='word_1_281' title='bbox 2209 2508 2248 2549; x_wconf 89' lang='lat' dir='ltr'><strong>an</strong></span> 
     </span>
    </p>
   </div>
   <div class='ocr_carea' id='block_1_13' title="bbox 344 2621 2269 2699">
    <p class='ocr_par' dir='ltr' id='par_1_13' title="bbox 344 2621 2269 2699">
     <span class='ocr_line' id='line_1_20' title="bbox 344 2621 2269 2699; baseline 0.002 -29"><span class='ocrx_word' id='word_1_282' title='bbox 344 2626 445 2695; x_wconf 74' lang='lat' dir='ltr'><strong>ewepan</strong></span> <span class='ocrx_word' id='word_1_283' title='bbox 487 2625 536 2672; x_wconf 85' lang='lat' dir='ltr'><strong>aris</strong></span> <span class='ocrx_word' id='word_1_284' title='bbox 579 2621 667 2684; x_wconf 78' lang='grc' dir='ltr'><strong>Ἰιιιω</strong></span> <span class='ocrx_word' id='word_1_285' title='bbox 684 2625 696 2671; x_wconf 85' lang='grc'><strong>1</strong></span> <span class='ocrx_word' id='word_1_286' title='bbox 712 2627 755 2672; x_wconf 82' lang='lat' dir='ltr'><strong>ber</strong></span> <span class='ocrx_word' id='word_1_287' title='bbox 823 2627 879 2674; x_wconf 85' lang='lat' dir='ltr'><strong>bere</strong></span> <span class='ocrx_word' id='word_1_288' title='bbox 971 2627 1030 2698; x_wconf 75' lang='lat' dir='ltr'><strong>pins</strong></span> <span class='ocrx_word' id='word_1_289' title='bbox 1081 2624 1097 2684; x_wconf 96' lang='grc' dir='ltr'><strong><em>Ἰ</em></strong></span> <span class='ocrx_word' id='word_1_290' title='bbox 1169 2640 1214 2686; x_wconf 80' lang='lat' dir='ltr'><strong>gea</strong></span> <span class='ocrx_word' id='word_1_291' title='bbox 1386 2630 1433 2699; x_wconf 73' lang='lat' dir='ltr'><strong>pat</strong></span> <span class='ocrx_word' id='word_1_292' title='bbox 1466 2623 1554 2673; x_wconf 77' lang='lat' dir='ltr'><strong>wutud</strong></span> <span class='ocrx_word' id='word_1_293' title='bbox 1589 2625 1663 2697; x_wconf 68' lang='lat' dir='ltr'><strong>vitup</strong></span> <span class='ocrx_word' id='word_1_294' title='bbox 1681 2639 1710 2684; x_wconf 80' lang='lat' dir='ltr'><strong>ge</strong></span> <span class='ocrx_word' id='word_1_295' title='bbox 1745 2621 1796 2698; x_wconf 62' lang='lat' dir='ltr'><strong>fre</strong></span> <span class='ocrx_word' id='word_1_296' title='bbox 1831 2621 1861 2671; x_wconf 89' lang='lat' dir='ltr'><strong>he</strong></span> <span class='ocrx_word' id='word_1_297' title='bbox 1879 2623 1966 2672; x_wconf 76' lang='lat' dir='ltr'><strong>melite</strong></span> <span class='ocrx_word' id='word_1_298' title='bbox 2038 2624 2118 2697; x_wconf 73' lang='lat' dir='ltr'><strong>batep</strong></span> <span class='ocrx_word' id='word_1_299' title='bbox 2203 2638 2269 2674; x_wconf 81' lang='lat' dir='ltr'><strong>suun</strong></span> 
     </span>
    </p>
   </div>
   <div class='ocr_carea' id='block_1_14' title="bbox 283 2702 2270 2790">
    <p class='ocr_par' dir='ltr' id='par_1_14' title="bbox 283 2702 2270 2790">
     <span class='ocr_line' id='line_1_21' title="bbox 283 2702 2270 2790; baseline 0.002 -25"><span class='ocrx_word' id='word_1_300' title='bbox 283 2703 322 2766; x_wconf 93' lang='grc'><strong>10</strong></span> <span class='ocrx_word' id='word_1_301' title='bbox 343 2702 444 2766; x_wconf 87' lang='lat' dir='ltr'><strong>dicere</strong></span> <span class='ocrx_word' id='word_1_302' title='bbox 465 2725 558 2787; x_wconf 90' lang='lat' dir='ltr'><strong>surge</strong></span> <span class='ocrx_word' id='word_1_303' title='bbox 626 2703 702 2767; x_wconf 89' lang='lat' dir='ltr'><strong>tolle</strong></span> <span class='ocrx_word' id='word_1_304' title='bbox 771 2706 935 2790; x_wconf 81' lang='lat' dir='ltr'><strong>grabatum</strong></span> <span class='ocrx_word' id='word_1_305' title='bbox 956 2715 1043 2768; x_wconf 90' lang='lat' dir='ltr'><strong>tuum</strong></span> <span class='ocrx_word' id='word_1_306' title='bbox 1074 2713 1104 2770; x_wconf 89' lang='lat' dir='ltr'><strong>et</strong></span> <span class='ocrx_word' id='word_1_307' title='bbox 1129 2705 1276 2770; x_wconf 79' lang='lat' dir='ltr'><strong>ambula?</strong></span> <span class='ocrx_word' id='word_1_308' title='bbox 1311 2707 1358 2770; x_wconf 91' lang='lat'><strong>10.</strong></span> <span class='ocrx_word' id='word_1_309' title='bbox 1383 2705 1428 2773; x_wconf 92' lang='lat' dir='ltr'><strong>Ut</strong></span> <span class='ocrx_word' id='word_1_310' title='bbox 1454 2715 1555 2768; x_wconf 90' lang='lat' dir='ltr'><strong>autem</strong></span> <span class='ocrx_word' id='word_1_311' title='bbox 1596 2703 1698 2767; x_wconf 88' lang='lat' dir='ltr'><strong>sciatis</strong></span> <span class='ocrx_word' id='word_1_312' title='bbox 1733 2702 1805 2789; x_wconf 90' lang='lat' dir='ltr'><strong>quia</strong></span> <span class='ocrx_word' id='word_1_313' title='bbox 1848 2702 1941 2767; x_wconf 89' lang='lat' dir='ltr'><strong>habet</strong></span> <span class='ocrx_word' id='word_1_314' title='bbox 1980 2712 2162 2789; x_wconf 81' lang='lat' dir='ltr'><strong>potestatem</strong></span> <span class='ocrx_word' id='word_1_315' title='bbox 2188 2703 2270 2768; x_wconf 88' lang='lat' dir='ltr'><strong>lilius</strong></span> 
     </span>
    </p>
   </div>
   <div class='ocr_carea' id='block_1_15' title="bbox 332 2830 2272 3010">
    <p class='ocr_par' dir='ltr' id='par_1_15' title="bbox 332 2830 2272 3010">
     <span class='ocr_line' id='line_1_22' title="bbox 355 2830 2258 2917; baseline 0.002 -29"><span class='ocrx_word' id='word_1_316' title='bbox 355 2855 458 2890; x_wconf 87' lang='lat' dir='ltr'><strong>mounes</strong></span> <span class='ocrx_word' id='word_1_317' title='bbox 494 2855 526 2888; x_wconf 91' lang='lat' dir='ltr'><strong>on</strong></span> <span class='ocrx_word' id='word_1_318' title='bbox 562 2844 636 2914; x_wconf 73' lang='lat' dir='ltr'><strong>corpe</strong></span> <span class='ocrx_word' id='word_1_319' title='bbox 692 2830 808 2900; x_wconf 65' lang='lat' dir='ltr'><strong>{genusne</strong></span> <span class='ocrx_word' id='word_1_320' title='bbox 878 2857 956 2903; x_wconf 72' lang='lat' dir='ltr'><strong>synna</strong></span> <span class='ocrx_word' id='word_1_321' title='bbox 999 2846 1074 2917; x_wconf 72' lang='lat' dir='ltr'><strong>ceap</strong></span> <span class='ocrx_word' id='word_1_322' title='bbox 1107 2850 1134 2892; x_wconf 88' lang='lat' dir='ltr'><strong>to</strong></span> <span class='ocrx_word' id='word_1_323' title='bbox 1153 2839 1189 2916; x_wconf 71' lang='lat' dir='ltr'><strong>pai</strong></span> <span class='ocrx_word' id='word_1_324' title='bbox 1205 2843 1352 2906; x_wconf 71' lang='lat' dir='ltr'><strong>eor’tcryple</strong></span> <span class='ocrx_word' id='word_1_325' title='bbox 1497 2846 1527 2915; x_wconf 73' lang='lat' dir='ltr'><strong>pe</strong></span> <span class='ocrx_word' id='word_1_326' title='bbox 1562 2843 1586 2890; x_wconf 85' lang='lat' dir='ltr'><strong>ie</strong></span> <span class='ocrx_word' id='word_1_327' title='bbox 1603 2855 1679 2904; x_wconf 69' lang='lat' dir='ltr'><strong>sarge</strong></span> <span class='ocrx_word' id='word_1_328' title='bbox 1728 2842 1776 2890; x_wconf 82' lang='lat' dir='ltr'><strong>eris</strong></span> <span class='ocrx_word' id='word_1_329' title='bbox 1818 2837 1909 2900; x_wconf 81' lang='grc' dir='ltr'><strong>Ἰῐιιοι</strong></span> <span class='ocrx_word' id='word_1_330' title='bbox 1993 2843 2052 2890; x_wconf 85' lang='lat' dir='ltr'><strong>bere</strong></span> <span class='ocrx_word' id='word_1_331' title='bbox 2142 2843 2201 2915; x_wconf 74' lang='lat' dir='ltr'><strong>pius</strong></span> <span class='ocrx_word' id='word_1_332' title='bbox 2241 2838 2258 2901; x_wconf 94' lang='grc' dir='ltr'><strong><em>Ἰ</em></strong></span> 
     </span>
     <span class='ocr_line' id='line_1_23' title="bbox 332 2919 2272 3010; baseline 0.001 -27"><span class='ocrx_word' id='word_1_333' title='bbox 332 2920 476 2984; x_wconf 67' lang='lat' dir='ltr'><strong>«hominis</strong></span> <span class='ocrx_word' id='word_1_334' title='bbox 496 2919 528 2982; x_wconf 95' lang='lat' dir='ltr'><strong>in</strong></span> <span class='ocrx_word' id='word_1_335' title='bbox 560 2929 642 2983; x_wconf 90' lang='lat' dir='ltr'><strong>terra</strong></span> <span class='ocrx_word' id='word_1_336' title='bbox 664 2921 835 2984; x_wconf 89' lang='lat' dir='ltr'><strong>dimittendi</strong></span> <span class='ocrx_word' id='word_1_337' title='bbox 857 2933 981 3008; x_wconf 87' lang='lat' dir='ltr'><strong>peecata</strong></span> <span class='ocrx_word' id='word_1_338' title='bbox 1012 2923 1054 2987; x_wconf 89' lang='lat' dir='ltr'><strong>ait</strong></span> <span class='ocrx_word' id='word_1_339' title='bbox 1145 2923 1317 3010; x_wconf 82' lang='lat' dir='ltr'><strong>paralytico</strong></span> <span class='ocrx_word' id='word_1_340' title='bbox 1403 2923 1452 2986; x_wconf 92' lang='grc'><strong>11.</strong></span> <span class='ocrx_word' id='word_1_341' title='bbox 1486 2922 1539 2985; x_wconf 91' lang='lat' dir='ltr'><strong>tibi</strong></span> <span class='ocrx_word' id='word_1_342' title='bbox 1595 2921 1664 2985; x_wconf 92' lang='lat' dir='ltr'><strong>dieo</strong></span> <span class='ocrx_word' id='word_1_343' title='bbox 1706 2942 1800 3007; x_wconf 88' lang='lat' dir='ltr'><strong>surge</strong></span> <span class='ocrx_word' id='word_1_344' title='bbox 1827 2920 1902 2986; x_wconf 89' lang='lat' dir='ltr'><strong>tolle</strong></span> <span class='ocrx_word' id='word_1_345' title='bbox 1943 2921 2106 3006; x_wconf 84' lang='lat' dir='ltr'><strong>grabatum</strong></span> <span class='ocrx_word' id='word_1_346' title='bbox 2126 2930 2214 2985; x_wconf 90' lang='lat' dir='ltr'><strong>tuum</strong></span> <span class='ocrx_word' id='word_1_347' title='bbox 2241 2931 2272 2985; x_wconf 87' lang='lat' dir='ltr'><strong>et</strong></span> 
     </span>
    </p>
   </div>
   <div class='ocr_carea' id='block_1_16' title="bbox 341 3056 2272 3224">
    <p class='ocr_par' dir='ltr' id='par_1_16' title="bbox 341 3056 2272 3224">
     <span class='ocr_line' id='line_1_24' title="bbox 362 3056 2270 3134; baseline 0.003 -30"><span class='ocrx_word' id='word_1_348' title='bbox 362 3071 407 3116; x_wconf 80' lang='lat' dir='ltr'><strong>gea</strong></span> <span class='ocrx_word' id='word_1_349' title='bbox 446 3064 471 3105; x_wconf 88' lang='grc' dir='ltr'><strong>ιο</strong></span> <span class='ocrx_word' id='word_1_350' title='bbox 525 3056 587 3105; x_wconf 87' lang='lat' dir='ltr'><strong>husa</strong></span> <span class='ocrx_word' id='word_1_351' title='bbox 646 3060 733 3130; x_wconf 62' lang='lat' dir='ltr'><strong>Pinum</strong></span> <span class='ocrx_word' id='word_1_352' title='bbox 863 3057 878 3118; x_wconf 94' lang='grc' dir='ltr'><strong><em>Ἰ</em></strong></span> <span class='ocrx_word' id='word_1_353' title='bbox 916 3062 1016 3121; x_wconf 82' lang='lat' dir='ltr'><strong>tustyde</strong></span> <span class='ocrx_word' id='word_1_354' title='bbox 1055 3063 1085 3110; x_wconf 86' lang='lat' dir='ltr'><strong>he</strong></span> <span class='ocrx_word' id='word_1_355' title='bbox 1103 3076 1157 3110; x_wconf 82' lang='lat' dir='ltr'><strong>aras</strong></span> <span class='ocrx_word' id='word_1_356' title='bbox 1266 3057 1283 3121; x_wconf 91' lang='grc' dir='ltr'><strong><em>Ἰ</em></strong></span> <span class='ocrx_word' id='word_1_357' title='bbox 1321 3059 1450 3108; x_wconf 84' lang='lat' dir='ltr'><strong>underleat</strong></span> <span class='ocrx_word' id='word_1_358' title='bbox 1500 3060 1557 3108; x_wconf 87' lang='lat' dir='ltr'><strong>bere</strong></span> <span class='ocrx_word' id='word_1_359' title='bbox 1617 3057 1678 3107; x_wconf 82' lang='lat' dir='ltr'><strong>aede</strong></span> <span class='ocrx_word' id='word_1_360' title='bbox 1712 3060 1811 3107; x_wconf 83' lang='lat' dir='ltr'><strong>beforan</strong></span> <span class='ocrx_word' id='word_1_361' title='bbox 1879 3059 1954 3108; x_wconf 84' lang='lat' dir='ltr'><strong>allum</strong></span> <span class='ocrx_word' id='word_1_362' title='bbox 2016 3073 2066 3108; x_wconf 74' lang='lat' dir='ltr'><strong>swa</strong></span> <span class='ocrx_word' id='word_1_363' title='bbox 2093 3057 2144 3134; x_wconf 61' lang='lat' dir='ltr'><strong>&#39;pte</strong></span> <span class='ocrx_word' id='word_1_364' title='bbox 2172 3060 2270 3109; x_wconf 66' lang='lat' dir='ltr'><strong>eluun-</strong></span> 
     </span>
     <span class='ocr_line' id='line_1_25' title="bbox 341 3135 2272 3224; baseline 0.002 -25"><span class='ocrx_word' id='word_1_365' title='bbox 341 3135 420 3200; x_wconf 88' lang='lat' dir='ltr'><strong>uade</strong></span> <span class='ocrx_word' id='word_1_366' title='bbox 441 3136 473 3199; x_wconf 94' lang='lat' dir='ltr'><strong>in</strong></span> <span class='ocrx_word' id='word_1_367' title='bbox 495 3135 621 3201; x_wconf 90' lang='lat' dir='ltr'><strong>domum</strong></span> <span class='ocrx_word' id='word_1_368' title='bbox 642 3149 734 3201; x_wconf 90' lang='lat' dir='ltr'><strong>tuam.</strong></span> <span class='ocrx_word' id='word_1_369' title='bbox 779 3140 827 3203; x_wconf 80' lang='lat'><strong>12.</strong></span> <span class='ocrx_word' id='word_1_370' title='bbox 848 3140 890 3204; x_wconf 91' lang='lat' dir='ltr'><strong>Et</strong></span> <span class='ocrx_word' id='word_1_371' title='bbox 910 3142 1012 3204; x_wconf 88' lang='lat' dir='ltr'><strong>statim</strong></span> <span class='ocrx_word' id='word_1_372' title='bbox 1036 3141 1169 3206; x_wconf 86' lang='lat' dir='ltr'><strong>surrexit</strong></span> <span class='ocrx_word' id='word_1_373' title='bbox 1188 3140 1242 3205; x_wconf 89' lang='lat' dir='ltr'><strong>ille</strong></span> <span class='ocrx_word' id='word_1_374' title='bbox 1263 3149 1293 3205; x_wconf 89' lang='lat' dir='ltr'><strong>et</strong></span> <span class='ocrx_word' id='word_1_375' title='bbox 1321 3139 1441 3204; x_wconf 88' lang='lat' dir='ltr'><strong>sublato</strong></span> <span class='ocrx_word' id='word_1_376' title='bbox 1461 3139 1591 3224; x_wconf 87' lang='lat' dir='ltr'><strong>grabato</strong></span> <span class='ocrx_word' id='word_1_377' title='bbox 1612 3138 1687 3203; x_wconf 90' lang='lat' dir='ltr'><strong>abiit</strong></span> <span class='ocrx_word' id='word_1_378' title='bbox 1713 3160 1818 3202; x_wconf 86' lang='lat' dir='ltr'><strong>coram</strong></span> <span class='ocrx_word' id='word_1_379' title='bbox 1855 3137 1997 3202; x_wconf 91' lang='lat' dir='ltr'><strong>omnibus</strong></span> <span class='ocrx_word' id='word_1_380' title='bbox 2018 3138 2061 3202; x_wconf 86' lang='lat' dir='ltr'><strong>ita</strong></span> <span class='ocrx_word' id='word_1_381' title='bbox 2101 3150 2135 3204; x_wconf 93' lang='lat' dir='ltr'><strong>ut</strong></span> <span class='ocrx_word' id='word_1_382' title='bbox 2179 3139 2272 3202; x_wconf 89' lang='lat' dir='ltr'><strong>mira-</strong></span> 
     </span>
    </p>
   </div>
   <div class='ocr_carea' id='block_1_17' title="bbox 341 3273 2271 3443">
    <p class='ocr_par' dir='ltr' id='par_1_17' title="bbox 341 3273 2271 3443">
     <span class='ocr_line' id='line_1_26' title="bbox 344 3273 2269 3356; baseline 0.003 -36"><span class='ocrx_word' id='word_1_383' title='bbox 344 3273 441 3321; x_wconf 85' lang='lat' dir='ltr'><strong>dradun</strong></span> <span class='ocrx_word' id='word_1_384' title='bbox 501 3275 548 3323; x_wconf 86' lang='lat' dir='ltr'><strong>alle</strong></span> <span class='ocrx_word' id='word_1_385' title='bbox 600 3273 616 3334; x_wconf 94' lang='grc' dir='ltr'><strong><em>Ἰ</em></strong></span> <span class='ocrx_word' id='word_1_386' title='bbox 680 3279 711 3348; x_wconf 73' lang='lat' dir='ltr'><strong>pa</strong></span> <span class='ocrx_word' id='word_1_387' title='bbox 729 3278 865 3349; x_wconf 73' lang='lat' dir='ltr'><strong>norpadun</strong></span> <span class='ocrx_word' id='word_1_388' title='bbox 940 3277 989 3340; x_wconf 82' lang='lat' dir='ltr'><strong>god</strong></span> <span class='ocrx_word' id='word_1_389' title='bbox 1037 3279 1168 3351; x_wconf 74' lang='lat' dir='ltr'><strong>ewepeude</strong></span> <span class='ocrx_word' id='word_1_390' title='bbox 1203 3276 1255 3354; x_wconf 64' lang='lat'><strong>1510</strong></span> <span class='ocrx_word' id='word_1_391' title='bbox 1273 3278 1315 3327; x_wconf 85' lang='lat' dir='ltr'><strong>hta</strong></span> <span class='ocrx_word' id='word_1_392' title='bbox 1381 3279 1455 3356; x_wconf 74' lang='lat' dir='ltr'><strong>matre</strong></span> <span class='ocrx_word' id='word_1_393' title='bbox 1519 3279 1567 3349; x_wconf 69' lang='lat' dir='ltr'><strong>pus</strong></span> <span class='ocrx_word' id='word_1_394' title='bbox 1583 3275 1595 3324; x_wconf 90' lang='grc'><strong>1</strong></span> <span class='ocrx_word' id='word_1_395' title='bbox 1613 3275 1681 3324; x_wconf 70' lang='lat' dir='ltr'><strong>evile</strong></span> <span class='ocrx_word' id='word_1_396' title='bbox 1715 3289 1746 3323; x_wconf 89' lang='lat' dir='ltr'><strong>ne</strong></span> <span class='ocrx_word' id='word_1_397' title='bbox 1764 3289 1872 3338; x_wconf 74' lang='lat' dir='ltr'><strong>geseguu</strong></span> <span class='ocrx_word' id='word_1_398' title='bbox 1996 3273 2013 3335; x_wconf 90' lang='grc' dir='ltr'><strong><em>Ἰ</em></strong></span> <span class='ocrx_word' id='word_1_399' title='bbox 2067 3276 2175 3324; x_wconf 77' lang='lat' dir='ltr'><strong>terendo</strong></span> <span class='ocrx_word' id='word_1_400' title='bbox 2214 3291 2269 3326; x_wconf 71' lang='lat' dir='ltr'><strong>war</strong></span> 
     </span>
     <span class='ocr_line' id='line_1_27' title="bbox 341 3354 2271 3443; baseline 0.002 -27"><span class='ocrx_word' id='word_1_401' title='bbox 341 3363 448 3416; x_wconf 87' lang='lat' dir='ltr'><strong>rentur</strong></span> <span class='ocrx_word' id='word_1_402' title='bbox 469 3376 573 3419; x_wconf 90' lang='lat' dir='ltr'><strong>omnes</strong></span> <span class='ocrx_word' id='word_1_403' title='bbox 596 3366 626 3418; x_wconf 92' lang='lat' dir='ltr'><strong>et</strong></span> <span class='ocrx_word' id='word_1_404' title='bbox 648 3356 887 3422; x_wconf 84' lang='lat' dir='ltr'><strong>honorificarent</strong></span> <span class='ocrx_word' id='word_1_405' title='bbox 906 3359 1010 3424; x_wconf 88' lang='lat' dir='ltr'><strong>Deum</strong></span> <span class='ocrx_word' id='word_1_406' title='bbox 1032 3357 1166 3422; x_wconf 87' lang='lat' dir='ltr'><strong>dieentes</strong></span> <span class='ocrx_word' id='word_1_407' title='bbox 1223 3357 1295 3443; x_wconf 91' lang='lat' dir='ltr'><strong>quia</strong></span> <span class='ocrx_word' id='word_1_408' title='bbox 1336 3377 1495 3442; x_wconf 90' lang='lat' dir='ltr'><strong>nunquam</strong></span> <span class='ocrx_word' id='word_1_409' title='bbox 1578 3355 1621 3419; x_wconf 91' lang='lat' dir='ltr'><strong>sie</strong></span> <span class='ocrx_word' id='word_1_410' title='bbox 1723 3355 1865 3419; x_wconf 90' lang='lat' dir='ltr'><strong>uidimus.</strong></span> <span class='ocrx_word' id='word_1_411' title='bbox 1909 3357 1958 3420; x_wconf 88' lang='lat'><strong>13.</strong></span> <span class='ocrx_word' id='word_1_412' title='bbox 1980 3354 2022 3419; x_wconf 87' lang='lat' dir='ltr'><strong>Et</strong></span> <span class='ocrx_word' id='word_1_413' title='bbox 2047 3377 2188 3442; x_wconf 87' lang='lat' dir='ltr'><strong>egressus</strong></span> <span class='ocrx_word' id='word_1_414' title='bbox 2225 3366 2271 3420; x_wconf 86' lang='lat' dir='ltr'><strong>est</strong></span> 
     </span>
    </p>
   </div>
   <div class='ocr_carea' id='block_1_18' title="bbox 343 3490 2271 3660">
    <p class='ocr_par' dir='ltr' id='par_1_18' title="bbox 343 3490 2271 3660">
     <span class='ocr_line' id='line_1_28' title="bbox 343 3490 2269 3569; baseline 0.003 -32"><span class='ocrx_word' id='word_1_415' title='bbox 343 3493 410 3538; x_wconf 77' lang='lat' dir='ltr'><strong>atter</strong></span> <span class='ocrx_word' id='word_1_416' title='bbox 427 3505 487 3540; x_wconf 84' lang='lat' dir='ltr'><strong>eona</strong></span> <span class='ocrx_word' id='word_1_417' title='bbox 507 3505 533 3540; x_wconf 87' lang='lat' dir='ltr'><strong>ce</strong></span> <span class='ocrx_word' id='word_1_418' title='bbox 567 3497 593 3540; x_wconf 93' lang='grc' dir='ltr'><strong>ιο</strong></span> <span class='ocrx_word' id='word_1_419' title='bbox 655 3509 687 3541; x_wconf 71' lang='grc' dir='ltr'><strong>ιο</strong></span> <span class='ocrx_word' id='word_1_420' title='bbox 782 3494 828 3542; x_wconf 82' lang='lat' dir='ltr'><strong>eall</strong></span> <span class='ocrx_word' id='word_1_421' title='bbox 917 3498 948 3569; x_wconf 69' lang='lat' dir='ltr'><strong>pa</strong></span> <span class='ocrx_word' id='word_1_422' title='bbox 970 3497 1039 3568; x_wconf 72' lang='lat' dir='ltr'><strong>preat</strong></span> <span class='ocrx_word' id='word_1_423' title='bbox 1073 3495 1192 3556; x_wconf 78' lang='lat' dir='ltr'><strong>eymeude</strong></span> <span class='ocrx_word' id='word_1_424' title='bbox 1238 3501 1264 3544; x_wconf 93' lang='grc' dir='ltr'><strong>ιο</strong></span> <span class='ocrx_word' id='word_1_425' title='bbox 1308 3494 1361 3543; x_wconf 83' lang='lat' dir='ltr'><strong>him</strong></span> <span class='ocrx_word' id='word_1_426' title='bbox 1405 3490 1421 3553; x_wconf 98' lang='grc' dir='ltr'><strong><em>Ἰ</em></strong></span> <span class='ocrx_word' id='word_1_427' title='bbox 1480 3493 1553 3542; x_wconf 74' lang='lat' dir='ltr'><strong>terte</strong></span> <span class='ocrx_word' id='word_1_428' title='bbox 1606 3492 1647 3540; x_wconf 83' lang='lat' dir='ltr'><strong>hia</strong></span> <span class='ocrx_word' id='word_1_429' title='bbox 1787 3490 1803 3551; x_wconf 99' lang='grc' dir='ltr'><strong><em>Ἰ</em></strong></span> <span class='ocrx_word' id='word_1_430' title='bbox 1841 3490 1933 3565; x_wconf 69' lang='lat' dir='ltr'><strong>mibpy</strong></span> <span class='ocrx_word' id='word_1_431' title='bbox 1968 3495 2051 3566; x_wconf 67' lang='lat' dir='ltr'><strong>pontu</strong></span> <span class='ocrx_word' id='word_1_432' title='bbox 2070 3493 2154 3544; x_wconf 84' lang='lat' dir='ltr'><strong>teerde</strong></span> <span class='ocrx_word' id='word_1_433' title='bbox 2188 3495 2269 3557; x_wconf 72' lang='lat' dir='ltr'><strong>gesat</strong></span> 
     </span>
     <span class='ocr_line' id='line_1_29' title="bbox 382 3570 2271 3660; baseline 0.002 -26"><span class='ocrx_word' id='word_1_434' title='bbox 382 3594 488 3636; x_wconf 88' lang='lat' dir='ltr'><strong>rursus</strong></span> <span class='ocrx_word' id='word_1_435' title='bbox 558 3572 599 3636; x_wconf 89' lang='lat' dir='ltr'><strong>ad</strong></span> <span class='ocrx_word' id='word_1_436' title='bbox 619 3596 704 3638; x_wconf 87' lang='lat' dir='ltr'><strong>mare</strong></span> <span class='ocrx_word' id='word_1_437' title='bbox 726 3574 885 3660; x_wconf 91' lang='lat' dir='ltr'><strong>omnisque</strong></span> <span class='ocrx_word' id='word_1_438' title='bbox 927 3576 1017 3638; x_wconf 87' lang='lat' dir='ltr'><strong>turba</strong></span> <span class='ocrx_word' id='word_1_439' title='bbox 1059 3574 1201 3637; x_wconf 89' lang='lat' dir='ltr'><strong>ueniebat</strong></span> <span class='ocrx_word' id='word_1_440' title='bbox 1227 3573 1268 3637; x_wconf 90' lang='lat' dir='ltr'><strong>ad</strong></span> <span class='ocrx_word' id='word_1_441' title='bbox 1297 3595 1366 3638; x_wconf 89' lang='lat' dir='ltr'><strong>eum</strong></span> <span class='ocrx_word' id='word_1_442' title='bbox 1396 3581 1426 3638; x_wconf 88' lang='lat' dir='ltr'><strong>ct</strong></span> <span class='ocrx_word' id='word_1_443' title='bbox 1446 3573 1576 3638; x_wconf 88' lang='lat' dir='ltr'><strong>docebat</strong></span> <span class='ocrx_word' id='word_1_444' title='bbox 1596 3593 1657 3636; x_wconf 90' lang='lat' dir='ltr'><strong>eos.</strong></span> <span class='ocrx_word' id='word_1_445' title='bbox 1702 3573 1751 3635; x_wconf 87' lang='grc'><strong>14.</strong></span> <span class='ocrx_word' id='word_1_446' title='bbox 1772 3570 1814 3636; x_wconf 88' lang='grc' dir='ltr'><strong>Ει</strong></span> <span class='ocrx_word' id='word_1_447' title='bbox 1845 3593 1916 3636; x_wconf 90' lang='lat' dir='ltr'><strong>eum</strong></span> <span class='ocrx_word' id='word_1_448' title='bbox 1970 3575 2151 3658; x_wconf 88' lang='lat' dir='ltr'><strong>praeteriret</strong></span> <span class='ocrx_word' id='word_1_449' title='bbox 2193 3573 2271 3638; x_wconf 89' lang='lat' dir='ltr'><strong>uidit</strong></span> 
     </span>
    </p>
   </div>
   <div class='ocr_carea' id='block_1_19' title="bbox 283 3707 2268 3876">
    <p class='ocr_par' dir='ltr' id='par_1_19' title="bbox 283 3707 2268 3876">
     <span class='ocr_line' id='line_1_30' title="bbox 619 3707 2257 3784; baseline 0.001 -25"><span class='ocrx_word' id='word_1_450' title='bbox 619 3713 726 3760; x_wconf 83' lang='lat' dir='ltr'><strong>sittands</strong></span> <span class='ocrx_word' id='word_1_451' title='bbox 777 3719 803 3762; x_wconf 91' lang='grc' dir='ltr'><strong>ιο</strong></span> <span class='ocrx_word' id='word_1_452' title='bbox 829 3712 908 3773; x_wconf 82' lang='lat' dir='ltr'><strong>geatol</strong></span> <span class='ocrx_word' id='word_1_453' title='bbox 927 3726 1050 3772; x_wconf 72' lang='lat' dir='ltr'><strong>monuuge</strong></span> <span class='ocrx_word' id='word_1_454' title='bbox 1075 3709 1092 3771; x_wconf 91' lang='grc' dir='ltr'><strong><em>Ἰ</em></strong></span> <span class='ocrx_word' id='word_1_455' title='bbox 1128 3714 1196 3784; x_wconf 71' lang='lat' dir='ltr'><strong>cwep</strong></span> <span class='ocrx_word' id='word_1_456' title='bbox 1231 3718 1257 3760; x_wconf 93' lang='grc' dir='ltr'><strong>ιο</strong></span> <span class='ocrx_word' id='word_1_457' title='bbox 1275 3711 1328 3760; x_wconf 82' lang='lat' dir='ltr'><strong>lrlm</strong></span> <span class='ocrx_word' id='word_1_458' title='bbox 1362 3709 1623 3772; x_wconf 70' lang='lat' dir='ltr'><strong>totgamtsselttylge</strong></span> <span class='ocrx_word' id='word_1_459' title='bbox 1657 3724 1696 3758; x_wconf 90' lang='lat' dir='ltr'><strong>me</strong></span> <span class='ocrx_word' id='word_1_460' title='bbox 1768 3707 1784 3769; x_wconf 93' lang='grc' dir='ltr'><strong><em>Ἰ</em></strong></span> <span class='ocrx_word' id='word_1_461' title='bbox 1821 3739 1825 3750; x_wconf 85' lang='lat'><strong>.</strong></span> <span class='ocrx_word' id='word_1_462' title='bbox 1852 3725 1905 3760; x_wconf 82' lang='lat' dir='ltr'><strong>arae</strong></span> <span class='ocrx_word' id='word_1_463' title='bbox 1965 3712 2082 3773; x_wconf 76' lang='lat' dir='ltr'><strong>tylgende</strong></span> <span class='ocrx_word' id='word_1_464' title='bbox 2116 3726 2171 3762; x_wconf 71' lang='lat' dir='ltr'><strong>voe</strong></span> <span class='ocrx_word' id='word_1_465' title='bbox 2206 3712 2257 3762; x_wconf 87' lang='lat' dir='ltr'><strong>him</strong></span> 
     </span>
     <span class='ocr_line' id='line_1_31' title="bbox 283 3785 2268 3876; baseline 0.004 -27"><span class='ocrx_word' id='word_1_466' title='bbox 283 3787 321 3852; x_wconf 79' lang='lat'><strong>15</strong></span> <span class='ocrx_word' id='word_1_467' title='bbox 341 3785 419 3852; x_wconf 90' lang='lat' dir='ltr'><strong>Leui</strong></span> <span class='ocrx_word' id='word_1_468' title='bbox 439 3789 575 3874; x_wconf 90' lang='lat' dir='ltr'><strong>Alphaei</strong></span> <span class='ocrx_word' id='word_1_469' title='bbox 595 3792 752 3855; x_wconf 89' lang='lat' dir='ltr'><strong>sedentem</strong></span> <span class='ocrx_word' id='word_1_470' title='bbox 772 3791 812 3855; x_wconf 88' lang='lat' dir='ltr'><strong>ad</strong></span> <span class='ocrx_word' id='word_1_471' title='bbox 868 3792 1016 3857; x_wconf 88' lang='lat' dir='ltr'><strong>telonium</strong></span> <span class='ocrx_word' id='word_1_472' title='bbox 1073 3799 1104 3855; x_wconf 88' lang='lat' dir='ltr'><strong>et</strong></span> <span class='ocrx_word' id='word_1_473' title='bbox 1144 3793 1186 3856; x_wconf 90' lang='lat' dir='ltr'><strong>ait</strong></span> <span class='ocrx_word' id='word_1_474' title='bbox 1261 3791 1307 3855; x_wconf 92' lang='lat' dir='ltr'><strong>illi</strong></span> <span class='ocrx_word' id='word_1_475' title='bbox 1431 3811 1562 3876; x_wconf 89' lang='lat' dir='ltr'><strong>sequere</strong></span> <span class='ocrx_word' id='word_1_476' title='bbox 1650 3811 1709 3853; x_wconf 88' lang='lat' dir='ltr'><strong>me.</strong></span> <span class='ocrx_word' id='word_1_477' title='bbox 1762 3801 1793 3854; x_wconf 88' lang='lat' dir='ltr'><strong>et</strong></span> <span class='ocrx_word' id='word_1_478' title='bbox 1811 3812 1942 3876; x_wconf 88' lang='lat' dir='ltr'><strong>surgens</strong></span> <span class='ocrx_word' id='word_1_479' title='bbox 1961 3802 2082 3856; x_wconf 89' lang='lat' dir='ltr'><strong>secutus</strong></span> <span class='ocrx_word' id='word_1_480' title='bbox 2122 3803 2268 3858; x_wconf 82' lang='lat' dir='ltr'><strong>osteum.</strong></span> 
     </span>
    </p>
   </div>
   <div class='ocr_carea' id='block_1_20' title="bbox 424 3911 2268 4037">
    <p class='ocr_par' dir='ltr' id='par_1_20' title="bbox 424 3911 2268 4037">
     <span class='ocr_line' id='line_1_32' title="bbox 424 3911 2268 4037; baseline 0.005 -29"><span class='ocrx_word' id='word_1_481' title='bbox 424 3957 439 4019; x_wconf 93' lang='grc' dir='ltr'><strong><em>Ἰ</em></strong></span> <span class='ocrx_word' id='word_1_482' title='bbox 476 3963 604 4019; x_wconf 76' lang='lat' dir='ltr'><strong>geworden</strong></span> <span class='ocrx_word' id='word_1_483' title='bbox 639 3977 694 4012; x_wconf 73' lang='lat' dir='ltr'><strong>waes</strong></span> <span class='ocrx_word' id='word_1_484' title='bbox 729 3964 821 4037; x_wconf 72' lang='lat' dir='ltr'><strong>mtbpy</strong></span> <span class='ocrx_word' id='word_1_485' title='bbox 871 3963 1020 4028; x_wconf 79' lang='lat' dir='ltr'><strong>gehltounde</strong></span> <span class='ocrx_word' id='word_1_486' title='bbox 1071 3967 1098 4014; x_wconf 91' lang='lat' dir='ltr'><strong>tn</strong></span> <span class='ocrx_word' id='word_1_487' title='bbox 1141 3966 1202 4014; x_wconf 86' lang='lat' dir='ltr'><strong>husa</strong></span> <span class='ocrx_word' id='word_1_488' title='bbox 1257 3911 1310 4014; x_wconf 65' lang='lat' dir='ltr'><strong>&#39;eal</strong></span> <span class='ocrx_word' id='word_1_489' title='bbox 1344 3965 1443 4024; x_wconf 82' lang='lat' dir='ltr'><strong>menige</strong></span> <span class='ocrx_word' id='word_1_490' title='bbox 1478 3962 1590 4026; x_wconf 84' lang='lat' dir='ltr'><strong>openlice</strong></span> <span class='ocrx_word' id='word_1_491' title='bbox 1608 3963 1712 4024; x_wconf 74' lang='lat' dir='ltr'><strong>synnige</strong></span> <span class='ocrx_word' id='word_1_492' title='bbox 1728 3963 1740 4011; x_wconf 89' lang='lat' dir='ltr'><strong>t</strong></span> <span class='ocrx_word' id='word_1_493' title='bbox 1757 3964 1883 4012; x_wconf 85' lang='lat' dir='ltr'><strong>hehsuuna</strong></span> <span class='ocrx_word' id='word_1_494' title='bbox 2004 3966 2112 4025; x_wconf 81' lang='lat' dir='ltr'><strong>syntulle</strong></span> <span class='ocrx_word' id='word_1_495' title='bbox 2157 3968 2268 4029; x_wconf 76' lang='lat' dir='ltr'><strong>etgaedre</strong></span> 
     </span>
    </p>
   </div>
   <div class='ocr_carea' id='block_1_21' title="bbox 342 4038 2260 4134">
    <p class='ocr_par' dir='ltr' id='par_1_21' title="bbox 342 4038 2260 4134">
     <span class='ocr_line' id='line_1_33' title="bbox 342 4038 2260 4134; baseline 0.004 -31"><span class='ocrx_word' id='word_1_496' title='bbox 342 4041 390 4105; x_wconf 84' lang='lat'><strong>15.</strong></span> <span class='ocrx_word' id='word_1_497' title='bbox 412 4038 453 4103; x_wconf 88' lang='lat' dir='ltr'><strong>Et</strong></span> <span class='ocrx_word' id='word_1_498' title='bbox 482 4040 595 4105; x_wconf 86' lang='lat' dir='ltr'><strong>factum</strong></span> <span class='ocrx_word' id='word_1_499' title='bbox 643 4053 688 4106; x_wconf 90' lang='lat' dir='ltr'><strong>est</strong></span> <span class='ocrx_word' id='word_1_500' title='bbox 736 4066 805 4107; x_wconf 91' lang='lat' dir='ltr'><strong>cum</strong></span> <span class='ocrx_word' id='word_1_501' title='bbox 847 4047 1041 4110; x_wconf 89' lang='lat' dir='ltr'><strong>accumberet</strong></span> <span class='ocrx_word' id='word_1_502' title='bbox 1067 4044 1100 4109; x_wconf 91' lang='lat' dir='ltr'><strong>in</strong></span> <span class='ocrx_word' id='word_1_503' title='bbox 1122 4045 1214 4110; x_wconf 92' lang='lat' dir='ltr'><strong>domo</strong></span> <span class='ocrx_word' id='word_1_504' title='bbox 1237 4044 1319 4110; x_wconf 90' lang='lat' dir='ltr'><strong>illius</strong></span> <span class='ocrx_word' id='word_1_505' title='bbox 1347 4041 1435 4134; x_wconf 78' lang='lat' dir='ltr'><strong>multi</strong></span> <span class='ocrx_word' id='word_1_506' title='bbox 1600 4041 1757 4131; x_wconf 88' lang='lat' dir='ltr'><strong>publicani</strong></span> <span class='ocrx_word' id='word_1_507' title='bbox 1907 4052 1938 4107; x_wconf 88' lang='lat' dir='ltr'><strong>et</strong></span> <span class='ocrx_word' id='word_1_508' title='bbox 1957 4054 2133 4132; x_wconf 88' lang='lat' dir='ltr'><strong>peccatores</strong></span> <span class='ocrx_word' id='word_1_509' title='bbox 2168 4046 2260 4111; x_wconf 90' lang='lat' dir='ltr'><strong>simul</strong></span> 
     </span>
    </p>
   </div>
   <div class='ocr_carea' id='block_1_22' title="bbox 339 4177 2269 4349">
    <p class='ocr_par' dir='ltr' id='par_1_22' title="bbox 339 4177 2269 4349">
     <span class='ocr_line' id='line_1_34' title="bbox 339 4177 2256 4244; baseline 0.004 -19"><span class='ocrx_word' id='word_1_510' title='bbox 339 4185 451 4238; x_wconf 77' lang='lat' dir='ltr'><strong>geresten</strong></span> <span class='ocrx_word' id='word_1_511' title='bbox 470 4178 482 4225; x_wconf 89' lang='lat' dir='ltr'><strong>t</strong></span> <span class='ocrx_word' id='word_1_512' title='bbox 499 4178 639 4227; x_wconf 83' lang='lat' dir='ltr'><strong>hleonadun</strong></span> <span class='ocrx_word' id='word_1_513' title='bbox 677 4181 734 4230; x_wconf 71' lang='lat' dir='ltr'><strong>mi&#39;b</strong></span> <span class='ocrx_word' id='word_1_514' title='bbox 772 4180 825 4230; x_wconf 72' lang='lat' dir='ltr'><strong>&#39;oon</strong></span> <span class='ocrx_word' id='word_1_515' title='bbox 847 4182 895 4229; x_wconf 79' lang='lat' dir='ltr'><strong>hal</strong></span> <span class='ocrx_word' id='word_1_516' title='bbox 935 4177 951 4240; x_wconf 90' lang='grc' dir='ltr'><strong><em>Ἰ</em></strong></span> <span class='ocrx_word' id='word_1_517' title='bbox 1006 4181 1117 4244; x_wconf 68' lang='lat' dir='ltr'><strong>’tegnam</strong></span> <span class='ocrx_word' id='word_1_518' title='bbox 1168 4183 1207 4230; x_wconf 86' lang='lat' dir='ltr'><strong>bis</strong></span> <span class='ocrx_word' id='word_1_519' title='bbox 1247 4194 1329 4231; x_wconf 77' lang='lat' dir='ltr'><strong>weron</strong></span> <span class='ocrx_word' id='word_1_520' title='bbox 1366 4180 1458 4230; x_wconf 84' lang='lat' dir='ltr'><strong>tor’60u</strong></span> <span class='ocrx_word' id='word_1_521' title='bbox 1494 4180 1592 4243; x_wconf 77' lang='lat' dir='ltr'><strong>menige</strong></span> <span class='ocrx_word' id='word_1_522' title='bbox 1627 4179 1699 4230; x_wconf 56' lang='lat' dir='ltr'><strong>{aba</strong></span> <span class='ocrx_word' id='word_1_523' title='bbox 1732 4178 1749 4238; x_wconf 90' lang='grc' dir='ltr'><strong><em>Ἰ</em></strong></span> <span class='ocrx_word' id='word_1_524' title='bbox 1786 4180 1899 4242; x_wconf 78' lang='lat' dir='ltr'><strong>tyligdun</strong></span> <span class='ocrx_word' id='word_1_525' title='bbox 1917 4182 1929 4229; x_wconf 98' lang='grc'><strong>1</strong></span> <span class='ocrx_word' id='word_1_526' title='bbox 1947 4183 2061 4244; x_wconf 80' lang='lat' dir='ltr'><strong>rylgenda</strong></span> <span class='ocrx_word' id='word_1_527' title='bbox 2078 4198 2162 4232; x_wconf 75' lang='lat' dir='ltr'><strong>nenio</strong></span> <span class='ocrx_word' id='word_1_528' title='bbox 2203 4184 2256 4233; x_wconf 85' lang='lat' dir='ltr'><strong>him</strong></span> 
     </span>
     <span class='ocr_line' id='line_1_35' title="bbox 376 4256 2269 4349; baseline 0.004 -29"><span class='ocrx_word' id='word_1_529' title='bbox 376 4256 609 4321; x_wconf 87' lang='lat' dir='ltr'><strong>discumbebant</strong></span> <span class='ocrx_word' id='word_1_530' title='bbox 671 4282 740 4322; x_wconf 90' lang='lat' dir='ltr'><strong>cum</strong></span> <span class='ocrx_word' id='word_1_531' title='bbox 803 4260 876 4325; x_wconf 88' lang='lat' dir='ltr'><strong>Iesu</strong></span> <span class='ocrx_word' id='word_1_532' title='bbox 928 4271 957 4325; x_wconf 91' lang='lat' dir='ltr'><strong>et</strong></span> <span class='ocrx_word' id='word_1_533' title='bbox 979 4260 1133 4349; x_wconf 87' lang='lat' dir='ltr'><strong>discipulis</strong></span> <span class='ocrx_word' id='word_1_534' title='bbox 1156 4261 1220 4326; x_wconf 92' lang='lat' dir='ltr'><strong>eius</strong></span> <span class='ocrx_word' id='word_1_535' title='bbox 1242 4271 1329 4325; x_wconf 90' lang='lat' dir='ltr'><strong>erant</strong></span> <span class='ocrx_word' id='word_1_536' title='bbox 1372 4261 1454 4325; x_wconf 89' lang='lat' dir='ltr'><strong>euim</strong></span> <span class='ocrx_word' id='word_1_537' title='bbox 1494 4259 1583 4324; x_wconf 88' lang='lat' dir='ltr'><strong>multi</strong></span> <span class='ocrx_word' id='word_1_538' title='bbox 1635 4261 1688 4344; x_wconf 93' lang='lat' dir='ltr'><strong>qui</strong></span> <span class='ocrx_word' id='word_1_539' title='bbox 1727 4272 1758 4325; x_wconf 91' lang='lat' dir='ltr'><strong>ct</strong></span> <span class='ocrx_word' id='word_1_540' title='bbox 1871 4263 2077 4348; x_wconf 87' lang='lat' dir='ltr'><strong>sequebantur</strong></span> <span class='ocrx_word' id='word_1_541' title='bbox 2187 4285 2269 4330; x_wconf 89' lang='lat' dir='ltr'><strong>eum.</strong></span> 
     </span>
    </p>
   </div>
   <div class='ocr_carea' id='block_1_23' title="bbox 343 4392 2270 4564">
    <p class='ocr_par' dir='ltr' id='par_1_23' title="bbox 343 4392 2270 4564">
     <span class='ocr_line' id='line_1_36' title="bbox 428 4392 2249 4462; baseline 0.004 -19"><span class='ocrx_word' id='word_1_542' title='bbox 428 4392 445 4454; x_wconf 92' lang='grc' dir='ltr'><strong><em>Ἰ</em></strong></span> <span class='ocrx_word' id='word_1_543' title='bbox 486 4395 595 4445; x_wconf 74' lang='lat' dir='ltr'><strong>ubwutu</strong></span> <span class='ocrx_word' id='word_1_544' title='bbox 630 4393 646 4454; x_wconf 98' lang='grc' dir='ltr'><strong><em>Ἰ</em></strong></span> <span class='ocrx_word' id='word_1_545' title='bbox 703 4396 739 4445; x_wconf 74' lang='grc' dir='ltr'><strong>ιιι</strong></span> <span class='ocrx_word' id='word_1_546' title='bbox 755 4398 815 4446; x_wconf 79' lang='lat' dir='ltr'><strong>alda</strong></span> <span class='ocrx_word' id='word_1_547' title='bbox 874 4399 976 4458; x_wconf 79' lang='lat' dir='ltr'><strong>gisegun</strong></span> <span class='ocrx_word' id='word_1_548' title='bbox 1029 4398 1121 4448; x_wconf 64' lang='lat' dir='ltr'><strong>terdon</strong></span> <span class='ocrx_word' id='word_1_549' title='bbox 1157 4399 1210 4449; x_wconf 65' lang='lat' dir='ltr'><strong>bat</strong></span> <span class='ocrx_word' id='word_1_550' title='bbox 1228 4400 1257 4446; x_wconf 91' lang='lat' dir='ltr'><strong>he</strong></span> <span class='ocrx_word' id='word_1_551' title='bbox 1275 4405 1310 4447; x_wconf 85' lang='grc' dir='ltr'><strong>οιι</strong></span> <span class='ocrx_word' id='word_1_552' title='bbox 1327 4399 1339 4446; x_wconf 92' lang='grc'><strong>1</strong></span> <span class='ocrx_word' id='word_1_553' title='bbox 1357 4398 1443 4446; x_wconf 83' lang='lat' dir='ltr'><strong>stende</strong></span> <span class='ocrx_word' id='word_1_554' title='bbox 1462 4412 1517 4446; x_wconf 75' lang='lat' dir='ltr'><strong>was</strong></span> <span class='ocrx_word' id='word_1_555' title='bbox 1551 4398 1608 4448; x_wconf 71' lang='lat' dir='ltr'><strong>mi&#39;d</strong></span> <span class='ocrx_word' id='word_1_556' title='bbox 1644 4398 1711 4449; x_wconf 68' lang='lat' dir='ltr'><strong>eam</strong></span> <span class='ocrx_word' id='word_1_557' title='bbox 1728 4398 1866 4458; x_wconf 80' lang='lat' dir='ltr'><strong>synfullum</strong></span> <span class='ocrx_word' id='word_1_558' title='bbox 1900 4396 1916 4459; x_wconf 97' lang='grc' dir='ltr'><strong><em>Ἰ</em></strong></span> <span class='ocrx_word' id='word_1_559' title='bbox 1959 4401 2008 4447; x_wconf 79' lang='lat' dir='ltr'><strong>bar</strong></span> <span class='ocrx_word' id='word_1_560' title='bbox 2025 4399 2160 4462; x_wconf 72' lang='lat' dir='ltr'><strong>synuigom</strong></span> <span class='ocrx_word' id='word_1_561' title='bbox 2203 4401 2249 4450; x_wconf 76' lang='lat' dir='ltr'><strong>hlae</strong></span> 
     </span>
     <span class='ocr_line' id='line_1_37' title="bbox 343 4473 2270 4564; baseline 0.003 -27"><span class='ocrx_word' id='word_1_562' title='bbox 343 4475 390 4538; x_wconf 92' lang='grc'><strong>16.</strong></span> <span class='ocrx_word' id='word_1_563' title='bbox 413 4474 454 4539; x_wconf 91' lang='grc' dir='ltr'><strong>Ει</strong></span> <span class='ocrx_word' id='word_1_564' title='bbox 480 4473 598 4539; x_wconf 87' lang='lat' dir='ltr'><strong>scribae</strong></span> <span class='ocrx_word' id='word_1_565' title='bbox 625 4485 654 4539; x_wconf 90' lang='lat' dir='ltr'><strong>et</strong></span> <span class='ocrx_word' id='word_1_566' title='bbox 681 4475 834 4562; x_wconf 87' lang='lat' dir='ltr'><strong>pharisaei</strong></span> <span class='ocrx_word' id='word_1_567' title='bbox 853 4478 993 4541; x_wconf 87' lang='lat' dir='ltr'><strong>uidentes</strong></span> <span class='ocrx_word' id='word_1_568' title='bbox 1041 4479 1113 4563; x_wconf 88' lang='lat' dir='ltr'><strong>quia</strong></span> <span class='ocrx_word' id='word_1_569' title='bbox 1235 4477 1436 4542; x_wconf 84' lang='lat' dir='ltr'><strong>manducaret</strong></span> <span class='ocrx_word' id='word_1_570' title='bbox 1549 4500 1618 4541; x_wconf 90' lang='lat' dir='ltr'><strong>eum</strong></span> <span class='ocrx_word' id='word_1_571' title='bbox 1670 4477 1841 4564; x_wconf 85' lang='lat' dir='ltr'><strong>publicanis</strong></span> <span class='ocrx_word' id='word_1_572' title='bbox 1895 4487 1924 4542; x_wconf 91' lang='lat' dir='ltr'><strong>et</strong></span> <span class='ocrx_word' id='word_1_573' title='bbox 1950 4477 2162 4563; x_wconf 87' lang='lat' dir='ltr'><strong>peecatoribus</strong></span> <span class='ocrx_word' id='word_1_574' title='bbox 2189 4478 2270 4544; x_wconf 89' lang='lat' dir='ltr'><strong>diee-</strong></span> 
     </span>
    </p>
   </div>
   <div class='ocr_carea' id='block_1_24' title="bbox 340 4612 2270 4782">
    <p class='ocr_par' dir='ltr' id='par_1_24' title="bbox 340 4612 2270 4782">
     <span class='ocr_line' id='line_1_38' title="bbox 340 4612 2267 4680; baseline 0.003 -20"><span class='ocrx_word' id='word_1_575' title='bbox 340 4613 447 4662; x_wconf 79' lang='lat' dir='ltr'><strong>enadun</strong></span> <span class='ocrx_word' id='word_1_576' title='bbox 500 4612 613 4675; x_wconf 69' lang='lat' dir='ltr'><strong>’bagnum</strong></span> <span class='ocrx_word' id='word_1_577' title='bbox 668 4613 707 4662; x_wconf 89' lang='lat' dir='ltr'><strong>bis</strong></span> <span class='ocrx_word' id='word_1_578' title='bbox 736 4614 847 4663; x_wconf 77' lang='lat' dir='ltr'><strong>terhwon</strong></span> <span class='ocrx_word' id='word_1_579' title='bbox 881 4614 939 4665; x_wconf 76' lang='lat' dir='ltr'><strong>mi&#39;d</strong></span> <span class='ocrx_word' id='word_1_580' title='bbox 973 4612 1206 4680; x_wconf 73' lang='lat' dir='ltr'><strong>barsunnigum]</strong></span> <span class='ocrx_word' id='word_1_581' title='bbox 1270 4615 1407 4677; x_wconf 80' lang='lat' dir='ltr'><strong>syutullum</strong></span> <span class='ocrx_word' id='word_1_582' title='bbox 1510 4621 1572 4664; x_wconf 80' lang='lat' dir='ltr'><strong>otest</strong></span> <span class='ocrx_word' id='word_1_583' title='bbox 1651 4612 1798 4672; x_wconf 71' lang='lat' dir='ltr'><strong>ldrlnaes</strong></span> <span class='ocrx_word' id='word_1_584' title='bbox 1857 4613 1930 4661; x_wconf 83' lang='lat' dir='ltr'><strong>larow</strong></span> <span class='ocrx_word' id='word_1_585' title='bbox 1999 4615 2075 4663; x_wconf 77' lang='lat' dir='ltr'><strong>tener</strong></span> <span class='ocrx_word' id='word_1_586' title='bbox 2171 4615 2267 4680; x_wconf 70' lang='lat' dir='ltr'><strong>mi’t’ty</strong></span> 
     </span>
     <span class='ocr_line' id='line_1_39' title="bbox 353 4692 2270 4782; baseline 0.004 -28"><span class='ocrx_word' id='word_1_587' title='bbox 353 4693 426 4756; x_wconf 91' lang='lat' dir='ltr'><strong>bant</strong></span> <span class='ocrx_word' id='word_1_588' title='bbox 474 4693 630 4781; x_wconf 89' lang='lat' dir='ltr'><strong>discipulis</strong></span> <span class='ocrx_word' id='word_1_589' title='bbox 652 4694 716 4758; x_wconf 89' lang='lat' dir='ltr'><strong>eius</strong></span> <span class='ocrx_word' id='word_1_590' title='bbox 744 4715 840 4778; x_wconf 86' lang='lat' dir='ltr'><strong>quare</strong></span> <span class='ocrx_word' id='word_1_591' title='bbox 877 4717 947 4758; x_wconf 90' lang='lat' dir='ltr'><strong>eum</strong></span> <span class='ocrx_word' id='word_1_592' title='bbox 981 4695 1152 4782; x_wconf 86' lang='lat' dir='ltr'><strong>publicanis</strong></span> <span class='ocrx_word' id='word_1_593' title='bbox 1183 4707 1214 4761; x_wconf 88' lang='lat' dir='ltr'><strong>et</strong></span> <span class='ocrx_word' id='word_1_594' title='bbox 1233 4695 1444 4782; x_wconf 88' lang='lat' dir='ltr'><strong>peecatoribus</strong></span> <span class='ocrx_word' id='word_1_595' title='bbox 1465 4693 1629 4759; x_wconf 90' lang='lat' dir='ltr'><strong>manducat</strong></span> <span class='ocrx_word' id='word_1_596' title='bbox 1648 4704 1679 4758; x_wconf 89' lang='lat' dir='ltr'><strong>et</strong></span> <span class='ocrx_word' id='word_1_597' title='bbox 1705 4692 1782 4757; x_wconf 90' lang='lat' dir='ltr'><strong>bibit</strong></span> <span class='ocrx_word' id='word_1_598' title='bbox 1806 4693 1954 4780; x_wconf 85' lang='lat' dir='ltr'><strong>magister</strong></span> <span class='ocrx_word' id='word_1_599' title='bbox 1974 4694 2100 4760; x_wconf 82' lang='lat' dir='ltr'><strong>uester?</strong></span> <span class='ocrx_word' id='word_1_600' title='bbox 2120 4696 2168 4759; x_wconf 79' lang='lat'><strong>17.</strong></span> <span class='ocrx_word' id='word_1_601' title='bbox 2198 4695 2270 4762; x_wconf 92' lang='lat' dir='ltr'><strong>Hoc</strong></span> 
     </span>
    </p>
   </div>
   <div class='ocr_carea' id='block_1_25' title="bbox 280 4829 2270 4996">
    <p class='ocr_par' dir='ltr' id='par_1_25' title="bbox 280 4829 2270 4996">
     <span class='ocr_line' id='line_1_40' title="bbox 340 4829 2270 4892; baseline 0.003 -15"><span class='ocrx_word' id='word_1_602' title='bbox 340 4829 444 4890; x_wconf 79' lang='lat' dir='ltr'><strong>gebarde</strong></span> <span class='ocrx_word' id='word_1_603' title='bbox 462 4829 506 4879; x_wconf 75' lang='lat' dir='ltr'><strong>’tis</strong></span> <span class='ocrx_word' id='word_1_604' title='bbox 541 4829 576 4880; x_wconf 79' lang='grc' dir='ltr'><strong>’6ο</strong></span> <span class='ocrx_word' id='word_1_605' title='bbox 594 4831 642 4879; x_wconf 79' lang='lat' dir='ltr'><strong>hat</strong></span> <span class='ocrx_word' id='word_1_606' title='bbox 676 4831 754 4881; x_wconf 68' lang='lat' dir='ltr'><strong>evae</strong></span> <span class='ocrx_word' id='word_1_607' title='bbox 789 4839 815 4881; x_wconf 89' lang='grc' dir='ltr'><strong>ιο</strong></span> <span class='ocrx_word' id='word_1_608' title='bbox 833 4833 884 4880; x_wconf 84' lang='lat' dir='ltr'><strong>blm</strong></span> <span class='ocrx_word' id='word_1_609' title='bbox 930 4847 961 4882; x_wconf 90' lang='lat' dir='ltr'><strong>ne</strong></span> <span class='ocrx_word' id='word_1_610' title='bbox 990 4834 1038 4882; x_wconf 87' lang='lat' dir='ltr'><strong>ned</strong></span> <span class='ocrx_word' id='word_1_611' title='bbox 1057 4833 1134 4884; x_wconf 69' lang='lat' dir='ltr'><strong>&#39;tarta</strong></span> <span class='ocrx_word' id='word_1_612' title='bbox 1161 4834 1253 4883; x_wconf 82' lang='lat' dir='ltr'><strong>bebbae</strong></span> <span class='ocrx_word' id='word_1_613' title='bbox 1294 4834 1354 4882; x_wconf 82' lang='lat' dir='ltr'><strong>halo</strong></span> <span class='ocrx_word' id='word_1_614' title='bbox 1403 4841 1428 4881; x_wconf 89' lang='grc' dir='ltr'><strong>ιο</strong></span> <span class='ocrx_word' id='word_1_615' title='bbox 1447 4833 1498 4881; x_wconf 87' lang='lat' dir='ltr'><strong>leee</strong></span> <span class='ocrx_word' id='word_1_616' title='bbox 1554 4832 1584 4880; x_wconf 83' lang='lat' dir='ltr'><strong>ah</strong></span> <span class='ocrx_word' id='word_1_617' title='bbox 1623 4829 1696 4881; x_wconf 60' lang='lat' dir='ltr'><strong>eabe</strong></span> <span class='ocrx_word' id='word_1_618' title='bbox 1736 4832 1786 4892; x_wconf 77' lang='lat' dir='ltr'><strong>ytel</strong></span> <span class='ocrx_word' id='word_1_619' title='bbox 1838 4831 1929 4880; x_wconf 76' lang='lat' dir='ltr'><strong>hebbae</strong></span> <span class='ocrx_word' id='word_1_620' title='bbox 1976 4845 2007 4883; x_wconf 85' lang='lat' dir='ltr'><strong>ne</strong></span> <span class='ocrx_word' id='word_1_621' title='bbox 2042 4832 2137 4882; x_wconf 76' lang='lat' dir='ltr'><strong>roreon</strong></span> <span class='ocrx_word' id='word_1_622' title='bbox 2172 4847 2227 4882; x_wconf 87' lang='lat' dir='ltr'><strong>com</strong></span> <span class='ocrx_word' id='word_1_623' title='bbox 2246 4835 2270 4884; x_wconf 84' lang='lat' dir='ltr'><strong>le</strong></span> 
     </span>
     <span class='ocr_line' id='line_1_41' title="bbox 280 4907 2258 4996; baseline 0.003 -24"><span class='ocrx_word' id='word_1_624' title='bbox 280 4909 321 4972; x_wconf 77' lang='lat'><strong>20</strong></span> <span class='ocrx_word' id='word_1_625' title='bbox 363 4909 466 4973; x_wconf 88' lang='lat' dir='ltr'><strong>audito</strong></span> <span class='ocrx_word' id='word_1_626' title='bbox 546 4907 634 4974; x_wconf 89' lang='lat' dir='ltr'><strong>Iesus</strong></span> <span class='ocrx_word' id='word_1_627' title='bbox 696 4912 739 4976; x_wconf 91' lang='lat' dir='ltr'><strong>ait</strong></span> <span class='ocrx_word' id='word_1_628' title='bbox 806 4911 867 4976; x_wconf 89' lang='lat' dir='ltr'><strong>illis</strong></span> <span class='ocrx_word' id='word_1_629' title='bbox 909 4933 972 4978; x_wconf 91' lang='lat' dir='ltr'><strong>uon</strong></span> <span class='ocrx_word' id='word_1_630' title='bbox 999 4935 1124 4978; x_wconf 87' lang='lat' dir='ltr'><strong>neeesse</strong></span> <span class='ocrx_word' id='word_1_631' title='bbox 1145 4912 1260 4976; x_wconf 89' lang='lat' dir='ltr'><strong>habent</strong></span> <span class='ocrx_word' id='word_1_632' title='bbox 1279 4911 1345 4975; x_wconf 88' lang='lat' dir='ltr'><strong>sani</strong></span> <span class='ocrx_word' id='word_1_633' title='bbox 1383 4911 1502 4975; x_wconf 87' lang='lat' dir='ltr'><strong>medico</strong></span> <span class='ocrx_word' id='word_1_634' title='bbox 1541 4909 1596 4974; x_wconf 87' lang='lat' dir='ltr'><strong>sed</strong></span> <span class='ocrx_word' id='word_1_635' title='bbox 1628 4910 1681 4996; x_wconf 89' lang='lat' dir='ltr'><strong>qui</strong></span> <span class='ocrx_word' id='word_1_636' title='bbox 1711 4911 1792 4976; x_wconf 88' lang='lat' dir='ltr'><strong>male</strong></span> <span class='ocrx_word' id='word_1_637' title='bbox 1819 4909 1934 4975; x_wconf 87' lang='lat' dir='ltr'><strong>habent</strong></span> <span class='ocrx_word' id='word_1_638' title='bbox 1952 4933 2015 4976; x_wconf 91' lang='lat' dir='ltr'><strong>non</strong></span> <span class='ocrx_word' id='word_1_639' title='bbox 2043 4912 2125 4976; x_wconf 89' lang='lat' dir='ltr'><strong>enim</strong></span> <span class='ocrx_word' id='word_1_640' title='bbox 2185 4912 2258 4977; x_wconf 90' lang='lat' dir='ltr'><strong>ueni</strong></span> 
     </span>
    </p>
   </div>
   <div class='ocr_carea' id='block_1_26' title="bbox 339 5059 2270 5232">
    <p class='ocr_par' dir='ltr' id='par_1_26' title="bbox 339 5059 2270 5232">
     <span class='ocr_line' id='line_1_42' title="bbox 339 5059 2257 5128; baseline 0.002 -17"><span class='ocrx_word' id='word_1_641' title='bbox 339 5071 364 5111; x_wconf 92' lang='grc' dir='ltr'><strong>ιο</strong></span> <span class='ocrx_word' id='word_1_642' title='bbox 383 5075 493 5122; x_wconf 75' lang='lat' dir='ltr'><strong>eaguune</strong></span> <span class='ocrx_word' id='word_1_643' title='bbox 527 5062 645 5112; x_wconf 75' lang='lat' dir='ltr'><strong>eo’ttaste</strong></span> <span class='ocrx_word' id='word_1_644' title='bbox 685 5066 714 5113; x_wconf 81' lang='lat' dir='ltr'><strong>ah</strong></span> <span class='ocrx_word' id='word_1_645' title='bbox 776 5067 900 5128; x_wconf 77' lang='lat' dir='ltr'><strong>syuntylle</strong></span> <span class='ocrx_word' id='word_1_646' title='bbox 1049 5064 1065 5127; x_wconf 91' lang='grc' dir='ltr'><strong><em>Ἰ</em></strong></span> <span class='ocrx_word' id='word_1_647' title='bbox 1103 5079 1185 5116; x_wconf 77' lang='lat' dir='ltr'><strong>weron</strong></span> <span class='ocrx_word' id='word_1_648' title='bbox 1248 5063 1344 5125; x_wconf 72' lang='lat' dir='ltr'><strong>’eomas</strong></span> <span class='ocrx_word' id='word_1_649' title='bbox 1397 5063 1515 5111; x_wconf 83' lang='lat' dir='ltr'><strong>lohannes</strong></span> <span class='ocrx_word' id='word_1_650' title='bbox 1555 5059 1571 5122; x_wconf 98' lang='grc' dir='ltr'><strong><em>Ἰ</em></strong></span> <span class='ocrx_word' id='word_1_651' title='bbox 1637 5061 1672 5111; x_wconf 74' lang='grc' dir='ltr'><strong>ιιι</strong></span> <span class='ocrx_word' id='word_1_652' title='bbox 1690 5061 1748 5111; x_wconf 72' lang='lat' dir='ltr'><strong>alde</strong></span> <span class='ocrx_word' id='word_1_653' title='bbox 1830 5063 1948 5112; x_wconf 69' lang='lat' dir='ltr'><strong>tacende</strong></span> <span class='ocrx_word' id='word_1_654' title='bbox 2008 5062 2025 5125; x_wconf 94' lang='grc' dir='ltr'><strong><em>Ἰ</em></strong></span> <span class='ocrx_word' id='word_1_655' title='bbox 2093 5079 2182 5115; x_wconf 80' lang='lat' dir='ltr'><strong>comen</strong></span> <span class='ocrx_word' id='word_1_656' title='bbox 2240 5064 2257 5127; x_wconf 93' lang='grc' dir='ltr'><strong><em>Ἰ</em></strong></span> 
     </span>
     <span class='ocr_line' id='line_1_43' title="bbox 361 5141 2270 5232; baseline 0.003 -28"><span class='ocrx_word' id='word_1_657' title='bbox 361 5163 472 5205; x_wconf 88' lang='lat' dir='ltr'><strong>uocare</strong></span> <span class='ocrx_word' id='word_1_658' title='bbox 532 5142 626 5207; x_wconf 88' lang='lat' dir='ltr'><strong>iustos</strong></span> <span class='ocrx_word' id='word_1_659' title='bbox 667 5143 722 5207; x_wconf 90' lang='lat' dir='ltr'><strong>sed</strong></span> <span class='ocrx_word' id='word_1_660' title='bbox 743 5156 928 5232; x_wconf 87' lang='lat' dir='ltr'><strong>peccatores.</strong></span> <span class='ocrx_word' id='word_1_661' title='bbox 963 5147 1011 5211; x_wconf 90' lang='lat'><strong>18.</strong></span> <span class='ocrx_word' id='word_1_662' title='bbox 1033 5146 1075 5211; x_wconf 86' lang='lat' dir='ltr'><strong>Et</strong></span> <span class='ocrx_word' id='word_1_663' title='bbox 1102 5154 1190 5210; x_wconf 91' lang='lat' dir='ltr'><strong>eraut</strong></span> <span class='ocrx_word' id='word_1_664' title='bbox 1215 5141 1356 5230; x_wconf 85' lang='lat' dir='ltr'><strong>discipuli</strong></span> <span class='ocrx_word' id='word_1_665' title='bbox 1385 5141 1511 5206; x_wconf 88' lang='lat' dir='ltr'><strong>loannis</strong></span> <span class='ocrx_word' id='word_1_666' title='bbox 1544 5150 1574 5205; x_wconf 88' lang='lat' dir='ltr'><strong>et</strong></span> <span class='ocrx_word' id='word_1_667' title='bbox 1610 5141 1763 5227; x_wconf 87' lang='lat' dir='ltr'><strong>pharisaei</strong></span> <span class='ocrx_word' id='word_1_668' title='bbox 1797 5141 1966 5208; x_wconf 85' lang='lat' dir='ltr'><strong>ieiunantes</strong></span> <span class='ocrx_word' id='word_1_669' title='bbox 2005 5155 2035 5208; x_wconf 88' lang='lat' dir='ltr'><strong>et</strong></span> <span class='ocrx_word' id='word_1_670' title='bbox 2073 5147 2203 5211; x_wconf 88' lang='lat' dir='ltr'><strong>ueniunt</strong></span> <span class='ocrx_word' id='word_1_671' title='bbox 2238 5157 2270 5212; x_wconf 86' lang='lat' dir='ltr'><strong>et</strong></span> 
     </span>
    </p>
   </div>
   <div class='ocr_carea' id='block_1_27' title="bbox 344 5285 2270 5465">
    <p class='ocr_par' dir='ltr' id='par_1_27' title="bbox 344 5285 2270 5465">
     <span class='ocr_line' id='line_1_44' title="bbox 347 5285 2255 5359; baseline 0 -15"><span class='ocrx_word' id='word_1_672' title='bbox 347 5296 448 5345; x_wconf 73' lang='lat' dir='ltr'><strong>cnedvn</strong></span> <span class='ocrx_word' id='word_1_673' title='bbox 484 5296 535 5344; x_wconf 87' lang='lat' dir='ltr'><strong>htm</strong></span> <span class='ocrx_word' id='word_1_674' title='bbox 569 5285 655 5344; x_wconf 82' lang='lat' dir='ltr'><strong>lhwon</strong></span> <span class='ocrx_word' id='word_1_675' title='bbox 705 5297 801 5359; x_wconf 72' lang='lat' dir='ltr'><strong>&#39;tegnas</strong></span> <span class='ocrx_word' id='word_1_676' title='bbox 849 5297 968 5348; x_wconf 83' lang='lat' dir='ltr'><strong>iohannes</strong></span> <span class='ocrx_word' id='word_1_677' title='bbox 1002 5297 1018 5358; x_wconf 95' lang='grc' dir='ltr'><strong><em>Ἰ</em></strong></span> <span class='ocrx_word' id='word_1_678' title='bbox 1108 5298 1144 5348; x_wconf 74' lang='lat' dir='ltr'><strong>&#39;ta</strong></span> <span class='ocrx_word' id='word_1_679' title='bbox 1162 5297 1221 5346; x_wconf 86' lang='lat' dir='ltr'><strong>aldu</strong></span> <span class='ocrx_word' id='word_1_680' title='bbox 1306 5296 1423 5346; x_wconf 73' lang='lat' dir='ltr'><strong>testanda</strong></span> <span class='ocrx_word' id='word_1_681' title='bbox 1459 5295 1522 5345; x_wconf 71' lang='lat' dir='ltr'><strong>&#39;olna</strong></span> <span class='ocrx_word' id='word_1_682' title='bbox 1556 5296 1653 5345; x_wconf 74' lang='lat' dir='ltr'><strong>wutudt</strong></span> <span class='ocrx_word' id='word_1_683' title='bbox 1713 5295 1808 5358; x_wconf 71' lang='lat' dir='ltr'><strong>’bagnae</strong></span> <span class='ocrx_word' id='word_1_684' title='bbox 1869 5310 1901 5346; x_wconf 88' lang='lat' dir='ltr'><strong>ne</strong></span> <span class='ocrx_word' id='word_1_685' title='bbox 1987 5297 2068 5346; x_wconf 80' lang='lat' dir='ltr'><strong>taestas</strong></span> <span class='ocrx_word' id='word_1_686' title='bbox 2239 5295 2255 5356; x_wconf 90' lang='grc' dir='ltr'><strong><em>Ἰ</em></strong></span> 
     </span>
     <span class='ocr_line' id='line_1_45' title="bbox 344 5373 2270 5465; baseline 0.003 -28"><span class='ocrx_word' id='word_1_687' title='bbox 344 5373 449 5438; x_wconf 92' lang='lat' dir='ltr'><strong>dieunt</strong></span> <span class='ocrx_word' id='word_1_688' title='bbox 484 5374 531 5437; x_wconf 94' lang='lat' dir='ltr'><strong>illi</strong></span> <span class='ocrx_word' id='word_1_689' title='bbox 562 5397 657 5460; x_wconf 89' lang='lat' dir='ltr'><strong>quare</strong></span> <span class='ocrx_word' id='word_1_690' title='bbox 678 5375 818 5464; x_wconf 91' lang='lat' dir='ltr'><strong>discipuli</strong></span> <span class='ocrx_word' id='word_1_691' title='bbox 844 5376 970 5443; x_wconf 89' lang='lat' dir='ltr'><strong>Ioannis</strong></span> <span class='ocrx_word' id='word_1_692' title='bbox 992 5389 1021 5442; x_wconf 89' lang='lat' dir='ltr'><strong>et</strong></span> <span class='ocrx_word' id='word_1_693' title='bbox 1042 5378 1273 5465; x_wconf 88' lang='lat' dir='ltr'><strong>pharisaeorum</strong></span> <span class='ocrx_word' id='word_1_694' title='bbox 1294 5377 1430 5442; x_wconf 86' lang='lat' dir='ltr'><strong>ieiunant</strong></span> <span class='ocrx_word' id='word_1_695' title='bbox 1463 5376 1507 5440; x_wconf 89' lang='lat' dir='ltr'><strong>tui</strong></span> <span class='ocrx_word' id='word_1_696' title='bbox 1551 5385 1652 5440; x_wconf 87' lang='lat' dir='ltr'><strong>autem</strong></span> <span class='ocrx_word' id='word_1_697' title='bbox 1689 5375 1830 5464; x_wconf 89' lang='lat' dir='ltr'><strong>discipuli</strong></span> <span class='ocrx_word' id='word_1_698' title='bbox 1857 5397 1920 5440; x_wconf 91' lang='lat' dir='ltr'><strong>nen</strong></span> <span class='ocrx_word' id='word_1_699' title='bbox 1950 5375 2109 5440; x_wconf 81' lang='lat' dir='ltr'><strong>ieiunant?</strong></span> <span class='ocrx_word' id='word_1_700' title='bbox 2152 5377 2201 5442; x_wconf 89' lang='grc'><strong>19.</strong></span> <span class='ocrx_word' id='word_1_701' title='bbox 2227 5376 2270 5443; x_wconf 87' lang='grc' dir='ltr'><strong>Ει</strong></span> 
     </span>
    </p>
   </div>
   <div class='ocr_carea' id='block_1_28' title="bbox 0 0 2494 6304">
    <p class='ocr_par' dir='ltr' id='par_1_28' title="bbox 0 0 2494 6304">
     <span class='ocr_line' id='line_1_46' title="bbox 0 0 2494 6304; baseline 0 0"><span class='ocrx_word' id='word_1_702' title='bbox 0 0 2494 6304; x_wconf 95' lang='lat' dir='ltr'><strong> </strong></span> 
     </span>
    </p>
   </div>
  </div>
 </body>
</html>
