4980 6304
1150 396 1371 468 ..6-

346 588 427 649 leue
493 592 554 654 paul
640 591 819 653 eonsendung
882 591 938 642 mi’t
947 593 1085 656 apotolica
1133 594 1239 644 sundra
1289 593 1420 671 “ptesalde
1461 593 1530 643 'eone
1560 593 1618 654 long
1667 591 1721 642 vib
1793 592 1895 655 priclom
1980 589 2130 652 andragend
2199 589 2254 640 drih

328 673 433 758 sicque
457 671 570 738 Paulus
591 672 854 736 consummatione
901 672 1075 760 apostolicis
1127 675 1243 739 actibus
1310 673 1399 739 daret
1448 695 1540 760 quem
1567 672 1621 737 diu
1641 681 1749 736 contra
1770 671 1908 736 stimulos
1929 671 2171 737 recalcitrantem
2197 670 2254 762 dds

350 791 449 910 gaietae
516 843 568 920 pta
645 842 754 892 redeudu
835 845 846 891 t
923 844 1108 894 etmoecandum
1154 845 1204 908 god
1252 843 1268 904 1
1312 847 1351 908 git
1384 845 1446 896 'terh
1483 845 1619 908 suyndriga
1646 851 1674 894 to
1690 857 1835 906 areecganne
1859 845 1896 892 tro
1933 845 1988 905 ustg
2023 839 2121 910 darflicb
2166 857 2245 894 acere

330 925 471 1012 elegisset
502 922 586 1010 quod
616 921 789 1007 legentibus
819 932 872 986 aut
903 923 1128 1009 requirentibus
1161 926 1214 990 dm
1251 935 1282 990 et
1323 925 1348 990 si
1389 947 1445 1009 per
1492 925 1616 1013 singula
1667 922 1824 1010 expediari
1865 945 1884 986 a
1911 923 2000 986 nobis
2041 921 2116 986 utile
2154 925 2255 987 fuerat

345 1063 413 1112 wiste
454 1060 565 1110 huoebrs
603 1057 656 1135 “pta
689 1059 757 1108 'dam
774 1059 902 1122 wyrcende
942 1061 1090 1110 londbuend
1142 1063 1233 1124 gerises
1287 1063 1315 1110 ot
1356 1065 1465 1110 waetmu
1528 1059 1545 1108 h
1587 1058 1638 1137 “pte
1656 1067 1723 1123 getta
1742 1049 2087 1122 veigaldontgaeaegdunt
2103 1057 2129 1136 *p
2147 1061 2229 1108 berlic

329 1141 427 1205 aciem
457 1151 559 1203 tamen
588 1139 673 1223 quud
732 1144 881 1226 operante
929 1141 1098 1226 agricolam
1121 1151 1260 1229 oporteat
1280 1141 1319 1206 de
1339 1141 1487 1206 fructibus
1508 1141 1571 1205 suis
1629 1140 1722 1206 edere
1836 1139 1999 1203 uitauimus
2099 1139 2253 1226 publicam

352 1259 525 1375 orbitgiomis
593 1325 651 1360 uere
709 1310 799 1360 sulbar
842 1311 996 1361 wilnandum
1039 1315 1089 1375 god
1125 1313 1176 1391 pte
1194 1329 1230 1362 we
1247 1328 1352 1377 gaseran
1392 1297 1447 1363 ’bon

331 1393 537 1458 curiositatem
557 1413 598 1457 ne
618 1412 682 1456 non
720 1399 784 1454 tam
825 1390 999 1456 uolentibus
1031 1393 1084 1458 drh
1147 1393 1323 1459 uideremus
1372 1415 1465 1480 quam
1496 1391 1717 1458 fastidientibus
1748 1390 1903 1479 prodisse.

1066 1577 1196 1638 engranus
1295 1578 1331 1629 'ta
1348 1593 1480 1640 mercunga

1004 1669 1239 1740 INCIPIUNT
1274 1672 1512 1741 CAPITULA.

495 1808 552 1858 me
572 1809 623 1857 lora
641 1821 698 1869 saga
750 1808 790 1856 luc
883 1807 954 1857 beosa
1048 1809 1162 1871 godepell
1223 1810 1315 1871 eaegc'd
1332 1811 1344 1858 t
1360 1809 1459 1860 becne'd
1497 1811 1560 1860 'berh
1600 1809 1779 1860 endebredntse
1825 1825 1885 1860 nere
1903 1812 2038 1873 gesceaden
2154 1812 2252 1861 sacerd-

451 1915 472 1952 1.
495 1887 691 1952 Praefatione
712 1885 813 1952 Lucas
834 1886 977 1952 Theofilo
1002 1889 1198 1974 euangelium
1288 1889 1403 1954 indicat
1498 1912 1556 1976 per
1616 1889 1756 1954 ordinem
1830 1890 2029 1961 describturfa.
2087 1915 2122 1954 11.
2144 1889 2252 1959 Sacer-

367 2027 416 2076 had
468 2025 599 2074 sobtaestee
673 2024 782 2073 zacharie
837 1993 917 2086 aeegd
934 2026 982 2076 bi't
1001 2027 1011 2074 t
1028 2027 1050 2075 ie
1090 2040 1124 2076 ac
1160 2025 1196 2076 ba
1213 2026 1319 2088 geeihbc
1360 2030 1387 2076 tn
1453 2028 1544 2090 temple
1588 2026 1670 2077 albon
1704 2027 1756 2077 him
1805 2042 1871 2078 sunu
1926 2028 1960 2079 ’te
1978 2029 2049 2090 angel
2107 2028 2225 2078 adeauda
2291 2067 2295 2072 .

328 2107 445 2172 dotium
504 2104 573 2168 iusti
628 2103 815 2169 Zacchariae
880 2104 1014 2169 refertur
1095 2115 1126 2170 ct
1211 2107 1288 2171 uisio
1362 2107 1395 2170 in
1446 2106 1560 2194 templo
1606 2130 1668 2193 qua
1718 2108 1745 2172 ei
1796 2107 1877 2172 filius
1929 2107 2042 2195 angelo
2093 2108 2252 2174 reuelante

333 2245 436 2306 gebeton
454 2256 508 2291 was
557 2239 609 2316 “]3te
628 2255 689 2290 were
708 2241 831 2290 accenned
866 2241 920 2291 'ees
980 2235 1026 2291 aiut
1069 2257 1164 2305 senuna
1181 2245 1192 2292 l
1209 2245 1338 2294 accennim
1379 2242 1545 2306 gemyndlged
1563 2243 1585 2291 is
1687 2245 1813 2306 gesended
1830 2259 1884 2294 nes
1944 2247 2014 2306 angel
2071 2253 2097 2295 to
2149 2246 2225 2294 maria

327 2323 513 2412 promittitur
616 2321 789 2388 nasciturus
849 2321 934 2384 cuius
956 2319 1047 2384 etiam
1121 2323 1279 2411 conceptio
1382 2333 1578 2387 memoratur.
1630 2347 1678 2388 111.
1733 2323 1846 2389 Missus
1908 2324 2038 2412 angelus
2060 2325 2099 2390 ad
2121 2323 2251 2390 Mariam

324 2461 375 2537 pta
394 2474 456 2508 uere
474 2459 596 2508 accenned
651 2471 747 2520 spretae
817 2457 885 2506 sone
904 2459 953 2507 het
999 2459 1095 2521 mlb’ey
1129 2473 1190 2508 eona
1224 2459 1334 2508 aeennsd
1351 2473 1406 2508 was
1440 2461 1571 2521 gegroeted
1588 2475 1643 2511 was
1670 2461 1707 2509 ns
1765 2461 1884 2525 elizabeth
1948 2461 2066 2522 gefeande
2113 2464 2141 2512 tn
2169 2461 2251 2512 innah

378 2540 565 2603 nasciturum
627 2537 764 2624 loquitur
790 2537 975 2601 saluatorem
1015 2560 1077 2623 quo
1124 2561 1199 2603 mox
1240 2549 1388 2626 concepto
1468 2539 1618 2604 salutatur
1668 2539 1707 2604 ab
1727 2538 1910 2605 Helisabeth
1930 2541 2087 2606 exultante
2108 2541 2141 2605 in
2162 2551 2249 2606 utero
2299 2625 2303 2632 Ι

325 2679 421 2740 mi’d'ty
439 2679 480 2726 ioh
690 2678 774 2726 hucne
809 2668 857 2724 ati
885 2674 963 2726 ’belim
993 2677 1107 2728 monebu
1144 2677 1292 2740 eftgecerred
1317 2691 1372 2727 was
1398 2678 1425 2725 in
1493 2677 1539 2726 hus
1611 2677 1664 2725 hire
1812 2676 2028 2738 mieeyaeenned
2041 2691 2095 2727 waes
2166 2679 2209 2728 ioh

270 2763 306 2826 10
333 2761 483 2825 Iohanne.
500 2756 563 2846 [fol.
582 2755 664 2844 131.]
690 2756 774 2820 unde
795 2766 866 2843 post
891 2767 954 2820 tres
983 2778 1104 2822 menses
1151 2779 1275 2822 reuersa
1317 2767 1364 2822 est
1398 2756 1576 2821 indomum
1595 2777 1691 2820 suam.
1735 2779 1798 2820 1111.
1923 2755 2005 2821 Nato
2108 2757 2249 2824 Iohanne

327 2899 382 2948 mi'e
401 2899 481 2946 statne
514 2909 628 2957 gespreca
665 2893 731 2958 bam
750 2893 840 2942 dumba
871 2893 955 2953 gesald
973 2907 1028 2942 was
1064 2893 1130 2943 ’sam
1147 2894 1215 2942 tader
1250 2906 1312 2943 eona
1388 2893 1509 2955 witgende
1557 2907 1583 2941 se
1596 2895 1676 2943 cnabt
1715 2899 1726 2943 1
1785 2885 1868 2943 wesin
1932 2895 1954 2943 is
2002 2893 2061 2945 oss
2108 2909 2140 2944 cn
2183 2895 2250 2958 dege

365 3000 428 3041 uox
516 2974 620 3060 eloqui
702 2981 787 3036 muto
881 2971 1021 3036 redditur
1099 2972 1179 3060 patri
1241 2971 1312 3037 ilico
1334 2972 1540 3059 prophetanti.
1579 2995 1657 3060 puer
1698 2973 1731 3037 in
1762 2972 1884 3037 deserto
1911 2983 2074 3058 estusque
2105 2974 2250 3040 indiam

341 3113 498 3164 adeaudniaa
545 3111 584 3159 his
629 3117 655 3158 to
719 3110 765 3158 iert
919 3123 953 3157 ecc
970 3110 1052 3171 asagd
1069 3111 1092 3157 is
1142 3108 1237 3184 pbod
1281 3109 1335 3159 'aas
1353 3123 1448 3158 cesares
1494 3106 1510 3167 Ἰ
1561 3108 1689 3158 accennlsa
1725 3109 1811 3159 cristes
1855 3110 1922 3159 ’bam
1939 3111 2028 3160 hierdh
2065 3112 2101 3159 tm
2163 3114 2233 3174 angel

328 3193 508 3259 ostensionis
530 3212 603 3256 suae
624 3190 664 3254 ad
684 3188 815 3254 Israhel.
868 3213 897 3253 v.
933 3186 1079 3252 Refertur
1126 3189 1259 3254 edictum
1303 3187 1444 3255 Caesaris
1489 3198 1519 3254 et
1556 3189 1698 3252 natiuitas
1738 3187 1804 3275 xpi
1855 3191 2028 3277 pastoribus
2062 3190 2102 3255 ab
2137 3191 2250 3279 angelo

327 3333 407 3392 asagd
424 3330 472 3379 bi’t
490 3331 501 3377 t
519 3343 573 3376 was
611 3328 691 3377 esbon
726 3323 895 3400 tmi'o’byp
947 3326 1071 3375 heotcnlio
1133 3339 1220 3388 campo
1283 3325 1319 3375 ’da
1336 3327 1434 3386 menige
1488 3324 1579 3386 anges
1634 3325 1727 3374 wnlder
1744 3327 1756 3374 t
1773 3327 1842 3387 getes
1859 3328 1896 3376 eie
1949 3329 1975 3376 in
2027 3329 2132 3378 beoniae
2185 3329 2249 3391 gode

368 3410 526 3474 nuntiatur
617 3429 687 3470 cum
781 3428 841 3492 quo
940 3405 1077 3470 caelestis
1113 3405 1239 3469 militiae
1274 3404 1438 3469 multitudo
1488 3405 1568 3468 cauit
1703 3405 1806 3492 gloria
1943 3407 1976 3470 in
2010 3408 2138 3472 excelsis
2190 3409 2239 3474 ds.

409 3548 510 3608 anglum
576 3545 668 3593 osdune
687 3543 804 3606 stigando
839 3517 876 3594 'ta
892 3542 979 3591 bierdo
1016 3543 1122 3592 terenda
1191 3543 1260 3592 bone
1279 3544 1327 3592 hal
1385 3545 1413 3592 in
1471 3545 1537 3591 blna
1618 3543 1728 3605 gesetted
1801 3539 1947 3605 gemoctidn
2005 3544 2055 3606 god
2113 3534 2143 3593 οἶ
2183 3545 2251 3595 bam

327 3652 370 3692 vr.
393 3626 527 3714 Angelis
563 3623 809 3689 discendentibus
838 3631 976 3709 pastores
1004 3622 1133 3709 profecti
1164 3623 1351 3690 saluatorem
1381 3624 1413 3686 in
1434 3623 1583 3711 praesepio
1611 3622 1743 3710 positum
1773 3632 1976 3711 reppererunt
2003 3623 2056 3688 diu
2083 3647 2176 3712 super
2202 3624 2250 3690 his

335 3763 406 3814 ’eabe
462 3775 568 3825 gesegon
645 3759 839 3821 emegaheredon
1005 3761 1040 3810 'de
1058 3760 1157 3810 ehta'ee
1193 3760 1259 3822 dage
1325 3760 1490 3822 ymbcorfniee
1587 3759 1625 3808 hta
1712 3762 1821 3821 witgong
1899 3759 2054 3809 ondueardes
2106 3766 2233 3811 samsones

267 3847 306 3910 15
329 3865 408 3930 quae
439 3842 585 3907 uidebant
626 3840 853 3906 conlaudantes.
929 3865 985 3905 v11.
1024 3839 1144 3906 Octauo
1199 3839 1248 3904 die
1290 3838 1527 3904 circumcisionis
1568 3838 1632 3903 eius
1667 3839 1848 3926 prophetiae
1884 3840 2053 3927 praesentis
2096 3837 2250 3907 Simeonis

329 3983 381 4032 ’das
402 3979 533 4028 scelestes
570 3979 643 4028 obba
685 3992 767 4027 annas
871 3985 931 4040 wttg
1046 3977 1142 4040 gesagd
1159 3979 1181 4026 is
1374 3969 1541 4027 tueelswintr'e
1596 3979 1627 4026 he
1679 3977 1818 4028 ettwunads
1854 3979 1889 4026 tro
1923 3977 1963 4026 his
1981 3978 2023 4026 tos
2064 3978 2092 4026 in
2144 3976 2250 4044 temphle

398 4060 467 4123 iust'
581 4059 633 4123 uel
664 4059 777 4122 Annae
804 4059 1015 4146 prophetissae
1043 4067 1193 4122 narratur.
1262 4083 1333 4123 vm.
1366 4057 1549 4122 Duodennis
1576 4059 1642 4145 ipse
1676 4057 1822 4122 remansit
1856 4080 1875 4121 a
1943 4057 2005 4121 suis
2062 4059 2094 4121 in
2133 4057 2250 4146 templo

351 4198 470 4247 soecende
512 4194 638 4244 meederee
665 4167 814 4245 cuoe’bende
843 4209 874 4245 en
912 4195 979 4245 ’sem
1015 4195 1087 4245 'eabe
1127 4195 1225 4244 iadorae
1258 4197 1337 4245 mines
1373 4197 1424 4244 atat
1476 4195 1566 4257 gerises
1624 4209 1663 4243 me
1705 4193 1758 4271 pte
1777 4197 1800 4244 ic
1817 4209 1844 4244 se
2039 4194 2086 4243 ’sio
2146 4195 2249 4250 titteieo

327 4276 484 4364 quaerenti
525 4275 617 4339 matri
685 4274 790 4340 dicens
843 4275 875 4338 in
916 4275 965 4338 his
1012 4296 1080 4359 quae
1127 4275 1223 4361 patris
1264 4274 1325 4339 mei
1365 4283 1436 4339 sunt
1465 4284 1585 4362 oportet
1618 4296 1669 4340 me
1745 4295 1820 4339 esse
1903 4297 1987 4338 vnn.
2015 4274 2112 4337 Anno
2143 4275 2249 4359 quinto

372 4427 413 4473 ger
481 4415 572 4463 tiberes
610 4413 663 4462 'des
682 4425 775 4462 casarea
846 4413 889 4460 ioh
956 4411 1051 4473 mtb'ty
1069 4423 1122 4459 arae
1207 4411 1259 4459 bod
1354 4411 1480 4460 acuoeden
1497 4413 1519 4461 is
1555 4414 1582 4460 et
1598 4411 1652 4462 ³ten
1713 4411 1761 4460 alle
1829 4417 1856 4459 to
1924 4411 2061 4460 hrecwuise
2121 4414 2249 4474 getrymed

330 4495 448 4559 decimo
470 4492 586 4558 Tiberii
625 4490 766 4558 Caesaris
793 4491 942 4555 iohannis
1007 4499 1074 4554 orta
1135 4489 1320 4576 praedicatio
1377 4490 1488 4555 dicium
1569 4513 1630 4577 qua
1671 4499 1795 4554 cunctos
1816 4489 1856 4554 ad
1877 4489 2093 4576 paenitentiam
2128 4492 2250 4556 cohor-

352 4632 400 4681 bie
443 4629 459 4690 Ἰ
548 4643 671 4680 scaevum
742 4629 797 4676 drih
849 4630 907 4676 hine
941 4627 1093 4689 gacudetade
1144 4627 1267 4689 unwyr'ce
1462 4629 1538 4678 harod
1597 4635 1623 4677 to
1643 4629 1786 4702 caercherne
1821 4628 1884 4677 ecles
1961 4627 2004 4676 ioh
2071 4625 2087 4687 Ἰ
2143 4627 2234 4690 'brittig

327 4721 409 4774 tatur
439 4722 469 4776 et
503 4709 709 4774 calciamentis
746 4707 799 4771 dm
857 4729 890 4772 se
958 4707 1071 4771 fatetur
1123 4706 1295 4794 indignum.
1360 4732 1389 4772 x.
1424 4707 1567 4772 Herodes
1630 4708 1746 4773 carceri
1819 4706 1872 4770 dat
1899 4705 2043 4772 Iohanne
2062 4717 2092 4772 et
2122 4708 2250 4793 triginta

367 4849 455 4896 wintra
500 4847 556 4897 mih
575 4847 621 4897 ’tio
639 4846 779 4909 gefnulwad
814 4843 869 4894 drib
935 4845 1031 4895 ’briniae
1092 4860 1124 4894 on
1175 4847 1273 4899 rulwiht
1337 4846 1500 4905 aeagdniaat
1542 4844 1714 4894 tosceadedis
1746 4911 1750 4918 Ι
1827 4857 1907 4905 cyano
2037 4841 2250 4908 Jundseotontig

266 4930 307 4992 20
328 4949 480 4991 annorum
564 4925 717 5014 baptizato
809 4923 871 4988 dim
906 4924 1048 4988 trinitatis
1086 4925 1118 4988 in
1145 4925 1296 5012 baptismo
1326 4925 1508 5011 mysterium
1536 4923 1720 4990 declaratur.
1754 4923 1988 5011 generationum
2040 4924 2233 5012 septuaginta

326 5066 412 5114 eeofon
462 5065 489 5110 of
513 5063 585 5112 criste
643 5077 695 5126 app
753 5063 854 5112 arcenda
897 5062 951 5112 wi’e
992 5067 1018 5110 to
1054 5063 1104 5123 god
1138 5062 1261 5111 endebred
1295 5061 1430 5124 gegeadred
1449 5061 1496 5111 bi’t
1513 5063 1524 5109 l
1542 5063 1667 5124 geresten
1802 5061 1892 5122 leortig
1976 5061 2073 5124 dagm
2139 5053 2221 5111 faceta

329 5150 446 5227 septem
467 5163 485 5204 a
506 5139 579 5226 Xpo
602 5161 724 5205 sursum
744 5163 851 5206 uersus
872 5140 1033 5228 usquead
1060 5141 1113 5206 dm
1169 5140 1246 5205 ordo
1393 5141 1576 5206 contexitur.
1681 5163 1724 5204 xr.
1735 5137 1951 5227 Quadraginta
1962 5139 2083 5205 dierum
2103 5140 2249 5206 ieiunium

329 5321 347 5361 t.
367 5320 381 5361 t.
397 5319 516 5362 stimulum.
548 5319 567 5360 2.
585 5319 600 5361 1.
620 5323 643 5362 et
661 5321 789 5376 legentibus
809 5333 842 5366 ae.
865 5322 974 5374 expediri.
1005 5320 1024 5363 ³.
1042 5321 1057 5364 1.
1079 5325 1168 5375 oportet
1186 5321 1288 5374 primum.
1319 5323 1339 5363 t.
1357 5323 1370 5364 Ι.
1392 5322 1560 5366 demonstratae
1580 5319 1718 5366 uiderentur.
1737 5321 1875 5376 predtdieee.
1911 5323 1930 5363 t.
1950 5320 1983 5364 ed
2002 5321 2075 5364 cande
2092 5321 2138 5367 ¹8.
2170 5321 2249 5364 12.υά

364 5384 473 5427 eauduise
488 5385 533 5429 MS.
561 5385 594 5428 te.
609 5387 793 5431 tdecedeatlhus.
826 5389 857 5431 15.
870 5387 922 5430 elne
939 5388 1053 5444 geherdou
1066 5387 1111 5432 lis.
1128 5410 1152 5418 -
1169 5389 1182 5430 Ι.
1196 5388 1322 5441 prophetia.
