4980 6304
1116 396 1337 474 -3-

273 570 409 658 adqmodi
469 590 486 654 Ἰ
565 594 667 644 diowles
763 583 835 644 idrtt
865 596 1197 658 gsgcoagattogeongannc
1248 597 1313 648 laide
1369 598 1396 648 in
1438 599 1514 658 berga
1679 599 1794 648 ioemudc
1835 593 1904 647 aaut
1918 597 1997 648 dssda
2030 612 2143 660 gawecca

239 695 435 763 compescens
459 684 490 740 et
510 671 700 763 d[a]emones
735 673 846 739 eiciens
1008 675 1056 740 ire
1198 676 1347 742 concessit
1365 675 1398 740 in
1418 698 1538 764 porcos.
1567 699 1652 740 xrrrr.
1675 675 1802 743 Uadens
1832 685 1984 742 mortuam
2010 678 2156 744 suscitare

239 810 325 861 dohtar
360 814 423 862 iares
474 811 527 862 ’tet
544 812 588 860 wir
653 791 701 860 trit=
732 810 863 860 hlodiorna
890 812 901 860 i
927 811 1013 862 hiodes
1031 817 1086 874 gytt
1132 811 1208 863 haldo
1256 811 1362 863 escas
1439 823 1500 861 sous
1556 808 1572 871 Ἰ
1609 810 1751 888 *ῥωιοᾱοιι
1868 814 2021 864 wundradon
2036 816 2078 864 his
2091 816 2103 863 i
2117 816 2159 865 hia

237 890 332 955 filiam
359 891 434 982 lehi
453 891 615 956 mulierem
656 913 675 956 a
729 890 883 978 profluuio
919 891 1077 978 sanguinis
1118 912 1230 956 sanans
1251 892 1375 956 suscitat
1394 890 1533 978 protinus
1554 901 1585 958 ct
1611 893 1757 980 puellam.
1788 917 1840 958 xv.
1969 893 2084 959 Miran-

236 1028 388 1078 wundranda
463 1027 543 1105 151&
609 1025 625 1086 Ἰ
671 1028 759 1077 mahto
804 1027 857 1077 'tas
874 1028 974 1076 wrihtas
1007 1041 1074 1078 sunu
1091 1028 1103 1076 i
1120 1027 1217 1078 omibus
1238 1043 1303 1078 sunu
1337 1027 1465 1096 anastas
1510 999 1603 1079 horden
1661 1031 1698 1078 iro
1725 1029 1778 1078 him
1811 1043 1843 1078 nc
1878 1045 1941 1081 vers
2018 1034 2091 1094 witge

298 1117 344 1173 tes
415 1108 585 1173 doctrinam
606 1118 637 1172 et
657 1106 785 1173 virtutes
857 1105 938 1172 fabri
1100 1107 1200 1172 filium
1354 1108 1459 1173 dicunt
1489 1108 1647 1174 audientes
1668 1109 1707 1173 ab
1740 1129 1777 1173 eo
1799 1129 1862 1172 non
1884 1129 1950 1174 esse
1972 1110 2154 1198 prophetam

236 1212 318 1294 buta·
341 1245 465 1306 worouug
498 1245 593 1306 symea
632 1245 660 1292 in
695 1243 770 1294 ochoi
804 1244 843 1292 his
1023 1244 1098 1294 sanda
1166 1245 1265 1295 twoolie
1384 1246 1486 1296 hederas
1576 1245 1634 1295 mih
1652 1244 1747 1295 hodum
1795 1245 1872 1296 lsre’d
1929 1247 2032 1310 gebroht
2070 1249 2139 1310 galea

236 1326 303 1390 sine
340 1325 459 1389 honore
522 1323 581 1388 nisi
628 1324 660 1388 in
680 1323 779 1410 patria
799 1345 863 1388 sua.
904 1347 969 1388 xvr.
991 1323 1115 1389 Mittens
1136 1325 1298 1390 duodecim
1317 1325 1536 1413 predicaturus
1570 1325 1741 1413 praeceptis
1769 1324 1890 1390 instruit
1917 1325 2037 1391 conlata
2054 1328 2154 1414 gratia

236 1463 307 1512 hsclo
325 1463 336 1510 i
353 1463 420 1512 hairu
612 1533 616 1536 -
733 1459 841 1510 haldeud
886 1461 954 1510 aona
972 1461 1054 1510 iohcm
1100 1461 1166 1525 daga
1207 1463 1246 1511 his
1279 1463 1392 1512 mannis
1426 1463 1507 1525 oislog
1556 1458 1682 1521 jhcatnd
1730 1461 1769 1510 his
1836 1461 1924 1524 plagas
2025 1463 2109 1512 maard

237 1543 407 1607 sanitatum.
467 1564 545 1605 svn.
570 1539 712 1604 Herodes
732 1547 840 1604 tenens
884 1541 1057 1606 Iohannem
1106 1541 1157 1606 die
1196 1541 1244 1605 sui
1275 1541 1384 1605 natahs
1410 1540 1521 1605 occidit
1542 1551 1693 1628 caputque
1715 1541 1779 1604 eius
1799 1540 1967 1606 saltationis
1980 1543 2153 1630 proemium
2195 1545 2215 1608 5

237 1682 264 1728 in
307 1680 360 1728 disc
395 1679 448 1728 ’tar
467 1677 568 1727 doahter
606 1676 676 1726 sslda
861 1678 890 1725 oi
972 1679 1006 1726 fit
1104 1678 1173 1728 hiatu
1237 1674 1253 1736 Ἰ
1304 1685 1378 1726 tuam
1447 1679 1538 1726 fiscum
1630 1679 1663 1726 sst
1763 1691 1833 1726 wera
1876 1676 1977 1728 ³ousand
2019 1679 2118 1742 geiylda

236 1759 268 1822 in
293 1758 377 1823 disco
444 1757 526 1822 tiliae
593 1755 696 1821 tradit.
737 1780 829 1821 xvnr.
847 1755 898 1820 De
919 1757 1056 1842 quinque
1076 1757 1206 1844 panibus
1231 1767 1262 1822 et
1282 1756 1402 1821 duobus
1423 1756 1557 1844 piscibus
1572 1756 1708 1842 quinque
1728 1755 1866 1821 virorum
1886 1756 1971 1820 milia
1997 1759 2152 1824 saturauit.

356 1895 406 1946 ’diu
424 1894 514 1945 ieor’da
548 1895 613 1944 naht
678 1909 762 1944 wacan
812 1907 886 1944 cuum
932 1899 960 1943 to
1027 1892 1139 1955 sagum
1202 1892 1345 1956 gaonganda
1380 1883 1410 1944 oi
1422 1894 1435 1940 h
1449 1894 1510 1942 buis
1568 1907 1601 1942 ss
1763 1893 1977 1944 missiniaco

236 1999 342 2042 xvim.
376 1973 495 2054 Quarta
533 1975 632 2039 noctis
670 1973 778 2060 uigilia
811 1972 897 2038 uenit
927 1971 968 2036 ad
999 1972 1164 2059 discipulos
1198 1971 1360 2038 ambulans
1400 1993 1494 2058 supra
1544 1993 1639 2036 mare.
1695 1996 1747 2036 xx.
1799 1975 1958 2038 Accusant
2001 1975 2152 2063 pharisaei

270 2113 367 2174 sagum
419 2111 586 2172 unbuegnum
630 2109 742 2160 hondum
849 2109 948 2159 edendo
1027 2106 1043 2169 Ἰ
1080 2121 1163 2158 weron
1180 2106 1317 2170 ge'troaten
1351 2110 1387 2157 tto
1423 2107 1475 2158 him
1514 2110 1543 2157 oi
1575 2108 1732 2158 strionandrs
1749 2111 1762 2157 t
1778 2109 1852 2159 saldra
1898 2099 2040 2160 inilatnissc
2135 2113 2146 2160 t

235 2191 402 2279 discipulos
429 2211 492 2254 non
509 2189 578 2253 lotis
617 2189 759 2254 manibus
779 2187 1000 2252 manducantes
1021 2197 1051 2253 et
1099 2189 1298 2276 increpantur
1348 2189 1388 2253 ab
1430 2209 1467 2253 eo
1509 2188 1549 2254 de
1631 2198 1794 2277 parentum
1875 2190 2062 2278 inspretione
2104 2194 2154 2258 uel

236 2332 264 2380 oi
295 2327 411 2378 obrum-
591 2326 687 2387 mieoy
704 2331 798 2388 gessae
832 2325 904 2376 ’tabe
946 2339 1035 2388 magon
1071 2301 1139 2375 'bona
1159 2338 1252 2374 monuo
1318 2325 1423 2386 widlega
1581 2325 1634 2374 ’scs
1653 2327 1722 2375 wiies
2059 2328 2143 2379 docter

236 2407 275 2472 de
298 2406 406 2472 ceteris
428 2404 492 2494 [fal.
513 2403 575 2494 9l.]
618 2413 792 2492 exponente
841 2426 920 2491 quae
942 2404 1060 2493 possint
1090 2403 1247 2470 hominem
1287 2404 1459 2489 inquinare.
1501 2429 1567 2470 xxi.
1587 2403 1727 2470 Mulieris
1768 2405 2026 2492 syrophoenissae
2058 2407 2153 2472 filiam

235 2549 299 2595 irom
350 2544 433 2594 diobls
516 2543 585 2593 friat
757 2541 848 2592 dumbs
905 2539 1002 2601 idest
1065 2543 1145 2592 steiha
1215 2543 1312 2592 erasas
1364 2542 1447 2592 euoch
1487 2549 1567 2604 untyn
1757 2543 1785 2591 oi
1846 2544 1915 2592 sacia
1984 2543 2080 2592 hlahun
2131 2541 2147 2602 1

164 2693 170 2704 ,
240 2649 274 2700 ἐι,
316 2624 478 2690 daemonio
498 2624 617 2688 liberat.
659 2645 738 2686 xrrr.
759 2620 847 2686 Muto
874 2623 1030 2707 surdoque
1050 2643 1160 2686 uocem
1180 2620 1341 2686 restituens
1368 2620 1441 2686 dicit
1475 2621 1574 2686 effeta.
1623 2622 1794 2686 xx111.De
1822 2631 1939 2709 septem
1966 2624 2096 2709 panibus
2124 2637 2155 2689 et
2178 2627 2216 2688 10

251 2765 325 2812 hvon
363 2763 424 2825 lytla
442 2763 515 2810 iiscss
593 2761 646 2808 icor
746 2771 837 2808 monna
894 2752 1010 2820 ³durandi
1097 2757 1196 2820 getylda
1625 2759 1703 2808 bacon
1720 2759 1731 2805 i
1748 2763 1821 2808 acon
1889 2761 2040 2808 suscendum
2091 2763 2167 2812 scails

233 2842 338 2930 paucis
365 2840 518 2928 pisciculis
550 2848 681 2925 quatuor
711 2838 872 2904 hominum
918 2835 1003 2900 milia
1070 2836 1226 2900 saturauit.
1268 2859 1374 2900 mm.
1406 2835 1581 2902 PharisaeIs
1649 2839 1773 2924 signum
1842 2839 2059 2924 quaerentibus
2088 2843 2154 2907 dari

244 2992 319 3029 ousae
357 2975 373 3037 Ἰ
461 2976 497 3024 lir
612 2976 682 3026 tiara
755 2974 846 3035 gaheht
896 2973 976 3022 undar
1030 2973 1133 3023 'taratas
1198 2985 1274 3021 noma
1324 2961 1348 3022 ie
1366 2979 1392 3022 to
1413 2973 1565 3022 behaldanns
1613 2976 1616 2984 ’
1703 2973 1772 3024 oona
1790 2974 1876 3024 blindo
1910 2974 2025 3026 heartlice
2060 2977 2151 3039 game’t

236 3069 330 3146 negat
351 3068 382 3123 et
402 3056 574 3122 doctrinam
595 3076 703 3119 eorum
725 3053 879 3141 praecepit
910 3054 967 3118 sub
1008 3052 1151 3117 fermenti
1172 3051 1297 3117 nomine
1321 3051 1576 3139 praecauendam.
1618 3075 1691 3118 xxv.
1724 3051 1858 3120 Caecum
1894 3055 2040 3142 paulatim
2069 3066 2156 3122 curat

242 3192 258 3254 Ἰ
294 3193 321 3270 '13
355 3209 469 3254 uanam
504 3193 603 3243 enocha
619 3193 631 3242 l
648 3193 740 3242 cncede
775 3192 865 3252 gahsht
881 3191 893 3237 t
910 3190 958 3238 hat
1120 3187 1187 3238 bem
1202 3186 1375 3248 traignendum
1416 3186 1551 3250 bucellato)
1602 3189 1660 3238 hine
1677 3191 1735 3270 *hia
1753 3192 1829 3241 cucda
2080 3195 2156 3256 godes

235 3283 266 3339 et
293 3282 325 3337 ut
353 3272 467 3338 nemini
560 3271 675 3336 diceret
797 3269 936 3355 imperat
999 3292 1085 3333 xxvr.
1106 3266 1372 3354 Interrogantibus
1401 3289 1493 3355 quem
1596 3291 1667 3335 eum
1695 3270 1831 3336 dicerent
1851 3271 1961 3338 Petrus
1982 3271 2067 3361 Xp'm
2102 3263 2139 3339 di

265 3409 378 3460 ondeta’d
428 3406 444 3467 1
481 3422 543 3457 sona
577 3397 644 3458 ibon
678 3407 776 3456 drihtnc
812 3404 947 3455 arowasia
982 3405 1034 3454 him
1068 3405 1216 3456 cuoa'tends
1249 3405 1303 3456 wid
1322 3405 1404 3456 euoch
1450 3407 1487 3456 sic
1505 3406 1615 3468 gasnau
1632 3407 1644 3454 i
1661 3406 1710 3456 hit
1729 3407 1866 3468 gesserat
2093 3411 2156 3462 scta

236 3490 397 3554 confitetur
422 3498 452 3554 et
472 3509 546 3552 mox
575 3487 647 3573 quia
695 3486 758 3550 drio
798 3507 961 3573 passurum
992 3507 1026 3550 se
1087 3485 1198 3550 dicenti
1241 3484 1421 3550 contradicit
1592 3485 1740 3573 arguitur.
1948 3511 2048 3554 xrvu.
2092 3487 2156 3568 Qui

252 3626 319 3674 lotas
370 3625 453 3676 ouoe'd
514 3625 588 3674 sawel
657 3624 695 3673 his
799 3612 822 3672 fe
891 3637 945 3672 mec
987 3624 1064 3684 haget
1116 3623 1158 3672 hia
1197 3636 1228 3671 ne
1264 3623 1306 3671 hia
1320 3620 1346 3699 ᾖ
1361 3620 1688 3686 gshirigdontgasupedou
1704 3637 1783 3672 weron
1811 3637 1880 3672 sumo
1898 3623 1962 3674 oller
1997 3623 2065 3674 'tona
2082 3625 2149 3676 dea't
2315 3691 2318 3700 .

234 3704 336 3791 perdit
362 3704 460 3792 inquit
478 3703 612 3767 animam
632 3725 718 3767 suam
737 3714 864 3790 propter
886 3725 937 3768 me
957 3703 1075 3768 inuenit
1096 3725 1164 3768 eam
1184 3724 1242 3768 nec
1439 3711 1615 3788 gustaturos
1812 3702 1961 3788 quosdam
2008 3715 2140 3770 monem
2177 3707 2216 3772 15

234 3839 386 3893 wissara
413 3842 455 3890 hia
472 3856 544 3903 gesen
574 3842 631 3891 hius
662 3842 690 3890 in
748 3840 785 3890 ric
848 3842 888 3890 his
958 3837 1056 3898 Jsona
1133 3830 1253 3890 oihiwsds
1271 3855 1325 3890 was
1388 3827 1504 3888 inhcded
1547 3835 1564 3897 1
1627 3840 1742 3888 iohannis
1924 3840 2150 3891 waron’trowendc

268 3921 368 3986 donec
419 3919 544 3984 uideant
574 3941 646 3984 eum
667 3919 699 3983 in
720 3941 818 4006 reguo
841 3921 905 3984 eius
926 3919 1089 4005 statimque
1112 3919 1345 4005 transfiguratus
1365 3917 1520 3982 inducitur
1541 3928 1572 3984 et
1598 3918 1770 3983 Iohannem
1791 3916 1902 3983 Heliae
1984 3921 2103 4007 passuri

255 4061 286 4108 hc
338 4059 429 4121 galicra
463 4057 600 4108 ascwarde
635 4057 718 4107 cuos'o
907 4055 1015 4117 cghualo
1070 4053 1128 4104 lol'd
1142 4054 1195 4116 (stc)
1270 4054 1350 4116 gsssh
1397 4054 1494 4102 dritten
1535 4051 1694 4120 gariardisda
1769 4053 1879 4116 Jgaarn
1954 4057 2016 4106 halo
2033 4057 2097 4106 head
2131 4055 2147 4116 Ἰ

234 4139 299 4226 ipse
326 4137 437 4202 similia
468 4157 592 4224 passum
641 4134 721 4200 dicit
764 4159 878 4200 xrvrn.
900 4134 1011 4201 Omnis
1032 4134 1164 4222 populus
1253 4133 1361 4198 uidens
1409 4132 1483 4197 dam
1532 4154 1698 4220 pauescens
1718 4155 1942 4221 occurrensque
1979 4136 2091 4201 salutat
2125 4148 2154 4202 et

243 4289 309 4325 sunu
377 4288 447 4323 sume
522 4273 735 4334 ungalcadullnise
805 4273 843 4320 his
1046 4270 1171 4320 hiddsnda
1214 4271 1250 4320 iro
1320 4270 1403 4320 diohla
1467 4270 1567 4332 gaidad
1584 4269 1632 4320 hi't
1897 4271 2005 4323 sedanda
2092 4273 2150 4323 hina

234 4355 315 4419 lilius
348 4353 474 4418 cuiusdd
503 4350 749 4416 incredulitatem
781 4374 869 4415 suam
899 4351 998 4415 iuuari
1029 4350 1199 4437 praecentis
1229 4373 1248 4414 a
1276 4348 1440 4414 daemonio
1473 4349 1630 4414 liberatur.
1694 4373 1822 4415 xrrrrrr.
1854 4350 2054 4417 Tradendum
2109 4374 2142 4417 se

300 4481 406 4552 iasagde
478 4485 495 4548 Ἰ
538 4489 575 4538 ’ta
591 4489 687 4550 ’tegnas
727 4488 792 4537 huet
827 4502 859 4537 on
894 4502 952 4549 wag
985 4487 1147 4549 getrahtadou
1210 4485 1352 4547 hetguardo
1407 4486 1485 4538 lare'o
1519 4475 1588 4536 luost
1604 4487 1616 4534 t
1633 4486 1736 4536 sldordd
1784 4501 1816 4536 ue
1867 4489 1904 4537 sia
1965 4493 1991 4536 to
2010 4500 2130 4538 soeesnna

234 4571 442 4658 praenuutians
472 4580 502 4634 et
529 4568 695 4656 discipulos
724 4567 799 4654 quid
826 4569 859 4631 in
899 4567 949 4632 uia
975 4577 1156 4632 tractassent
1181 4567 1376 4654 interrogans
1402 4567 1491 4632 docet
1542 4565 1708 4652 primatum
1762 4589 1825 4632 non
1846 4587 1913 4632 esse
1933 4567 2153 4652 quaerendum.

370 4709 444 4756 maht
511 4708 537 4757 in
573 4707 611 4756 hta
670 4720 743 4756 noma
823 4705 920 4756 doendo
976 4719 1009 4754 ne
1042 4705 1133 4767 galetos
1183 4693 1352 4770 lbasdesst
1394 4691 1423 4754 oi
1471 4703 1584 4765 ymbcyri
1684 4705 1793 4753 liomans
1860 4703 2047 4766 ondspyrsudra
2062 4703 2073 4751 t
2086 4704 2150 4753 ond·

234 4810 308 4850 xxa.
330 4785 484 4854 Uirtutem
506 4787 538 4850 in
559 4787 624 4852 cius
645 4786 770 4850 nomine
792 4785 937 4850 facientes
958 4806 1022 4849 non
1049 4782 1121 4846 sinit
1150 4783 1309 4871 prohiberi
1330 4793 1361 4849 et
1386 4782 1425 4847 de
1443 4781 1614 4846 abscisione
1633 4783 1843 4846 membrorum
1904 4781 2112 4846 scandalizari·
2175 4785 2216 4848 20

235 4925 391 4988 spumandrs
416 4925 518 4986 gastltce
533 4923 713 4987 tmegwlitliee
739 4921 816 4972 lare’t
1221 4922 1248 4968 oi
1313 4921 1369 4969 uiis
1475 4943 1479 4950 ·
1671 4908 1778 4979 igeinisa
1878 4917 2001 4969 saecunda
2060 4919 2151 4968 moises

275 5003 352 5067 tium
486 5002 657 5090 figuraliter
735 5000 833 5066 docet.
892 5023 980 5065 xxxi.
1002 4999 1185 5064 Pharisaeos
1221 4999 1260 5065 de
1296 5020 1395 5063 uxore
1432 4996 1496 5086 [iol.
1528 4997 1599 5087 911³]
1634 4995 1814 5061 dimittenda
1848 5007 2028 5082 quaerentes
2061 4995 2142 5062 Mosi

267 5140 379 5203 cycneas
426 5137 624 5202 sinegecarda]
670 5139 706 5190 ’ta
723 5139 772 5187 cild
798 5140 835 5188 irc
863 5138 916 5187 him
1070 5126 1198 5188 ibeodand
1252 5137 1375 5188 blosdsa'd
1556 5137 1583 5183 oi
1615 5131 1765 5182 dumhallcc
1782 5131 1795 5180 i
1811 5134 1993 5196 unmahtiglica
2045 5134 2141 5193 wlonga

234 5220 407 5286 testimonio
428 5221 581 5286 conuincit
602 5229 632 5283 et
652 5217 830 5282 infantesa
870 5240 903 5283 se
923 5217 1023 5283 uetari
1043 5217 1210 5305 prohibens
1231 5216 1392 5282 benedicit.
1425 5213 1587 5280 xxxrr.De
1713 5210 1892 5277 difficultate
2025 5211 2154 5276 diuitum

294 5382 314 5424 2.
333 5381 385 5424 hlod
398 5381 462 5424 torna
473 5381 519 5424 its.
544 5383 565 5423 t.
579 5382 593 5424 t
608 5381 786 5435 praedicaturos.
