4980 6304
1091 403 1140 416 -
1189 361 1339 438 37,-

222 575 247 619 ιο
266 570 317 620 ldm
440 565 456 628 Ἰ
493 567 563 631 gtset
578 567 591 616 1
607 571 679 617 setun
713 568 772 628 ymb
810 566 869 614 htne
903 565 939 616 ³60
958 564 1043 614 brcatt
1075 559 1091 622 Ἰ
1128 563 1232 612 modun
1265 562 1317 611 him
1350 562 1429 611 beono
1463 561 1549 610 moder
1584 559 1632 611 'tin
1665 558 1683 621 Ἰ
1720 561 1813 614 orooro
1924 569 1967 612 nto
2036 578 2119 614 noscas

222 671 301 715 eum.
359 648 410 713 32.
432 646 474 712 Ει
531 648 657 713 sedebat
704 639 785 710 circa
805 666 876 709 eum
933 643 1024 707 turba
1073 651 1103 707 ct
1134 641 1239 708 dicunt
1280 643 1308 706 ei
1353 661 1424 704 ecce
1460 649 1559 706 mater
1578 649 1632 705 tua
1656 649 1688 705 et
1707 641 1816 706 fratres
1837 640 1882 704 tui
1902 641 1977 706 foris
1999 654 2151 730 quaenmt

222 786 272 837 bac
393 781 409 844 Ἰ
453 785 613 836 oudsvorads
647 784 698 832 blm
733 783 811 833 cumb
845 782 917 830 huet
951 782 973 828 ts
1013 779 1099 828 moder
1136 781 1190 827 mln
1228 773 1244 836 Ἰ
1282 776 1376 826 brcbro
1412 777 1479 824 mine
1616 775 1632 836 Ἰ
1669 780 1782 840 ymblocs
1792 775 1986 837 bojamundo
2021 781 2068 827 hia
2087 781 2098 828 1
2116 780 2152 830 ’ba

221 877 261 932 ta
304 867 353 932 33.
377 865 419 931 Et
437 864 627 952 respondens
649 863 693 928 eis
750 860 792 924 ait
840 881 920 947 quae
940 867 986 924 est
1005 866 1105 923 mater
1126 879 1196 922 mea
1217 867 1248 922 et
1267 857 1378 922 fratres
1406 855 1490 921 mei?
1531 857 1580 922 34.
1601 857 1644 923 Et
1711 858 1959 946 circumspiciens
2057 879 2109 924 cos

223 1005 296 1056 naec
339 1009 399 1054 aba
441 1005 499 1066 ymb
517 1002 641 1066 hsopffl)
687 1000 725 1048 bis
802 1005 876 1048 setun
937 996 1016 1047 cwn’d
1050 998 1131 1046 benno
1173 994 1258 1044 moder
1308 996 1361 1042 mm
1411 989 1428 1051 Ἰ
1479 995 1573 1045 brobro
1611 997 1678 1045 minc
1832 995 1895 1045 seba
1929 996 2022 1046 turbon
2058 994 2127 1046 doe'd

236 1083 289 1170 qui
351 1083 384 1147 in
460 1082 587 1149 circuitu
668 1080 733 1145 eius
770 1078 919 1144 sedebant
956 1077 998 1140 ait
1052 1097 1124 1141 ecce
1165 1083 1264 1139 mater
1293 1094 1364 1138 mea
1406 1082 1437 1139 et
1465 1073 1576 1141 fratres
1610 1075 1681 1141 mei.
1745 1076 1795 1142 35.
1826 1075 1889 1155 Qui
1932 1077 2015 1140 enim
2042 1077 2150 1140 fecerit

288 1220 358 1270 vllln
441 1219 517 1281 godes
553 1217 600 1269 bas
634 1216 729 1266 brobsr
762 1219 816 1265 mln
856 1212 872 1275 Ἰ
909 1221 1009 1264 caestor
1048 1215 1100 1262 min
1143 1208 1159 1271 Ἰ
1196 1210 1282 1261 moder
1322 1214 1344 1260 ιο

222 1299 414 1366 uoluntatem
445 1299 509 1364 Dei
548 1297 600 1362 hic
627 1297 724 1360 frater
744 1317 831 1360 meus
852 1305 883 1362 et
913 1317 1003 1360 soror
1039 1314 1110 1358 mea
1137 1301 1168 1358 et
1188 1301 1287 1356 mater
1306 1300 1361 1356 est.

595 1431 611 1494 Ἰ
648 1436 709 1483 efter
727 1446 788 1482 sona
822 1446 903 1494 ongan
944 1428 1035 1490 leta]
1071 1437 1098 1479 ιο
1151 1443 1184 1480 aa
1234 1426 1251 1489 Ἰ
1316 1428 1447 1491 gisomnad
1494 1441 1548 1476 uos
1589 1434 1616 1478 ιο
1656 1431 1708 1478 hlm
1747 1444 1839 1493 mengu
1883 1430 1983 1481 'creatas
2018 1446 2068 1480 awa
2101 1429 2153 1507 ⁶]5ts

348 1515 425 1603 Gap.
447 1515 507 1580 lv.
529 1517 557 1579 1.
579 1515 621 1580 Ει
663 1516 776 1580 iterum
813 1514 913 1601 coepit
932 1513 1044 1578 docere
1064 1511 1104 1576 ad
1125 1532 1211 1576 mare
1232 1519 1263 1576 et
1283 1518 1473 1597 congregata
1500 1517 1548 1574 est
1580 1508 1619 1572 ad
1641 1531 1711 1574 eum
1742 1510 1840 1574 multa
1881 1511 1972 1575 turba
2022 1511 2064 1575 ita
2104 1522 2138 1575 ut
2192 1512 2212 1577 5

223 1657 250 1704 ln
266 1655 321 1716 scip
399 1659 468 1714 mag
554 1655 643 1714 ςιοοιιο
682 1665 715 1700 on
760 1664 794 1700 aa
842 1648 858 1711 Ἰ
922 1651 956 1699 all
1009 1649 1044 1700 ’cs
1062 1648 1137 1699 broat
1170 1651 1228 1711 ymb
1291 1661 1323 1697 aa
1392 1649 1445 1697 oser
1506 1644 1585 1696 corbo
1629 1659 1684 1694 wau
1822 1643 1838 1706 Ἰ
1913 1647 1985 1696 laerde
2043 1650 2089 1698 hias
2124 1651 2151 1697 in

222 1734 327 1798 nanim
349 1732 519 1798 ascendens
540 1731 661 1796 sederet
680 1732 713 1795 in
733 1729 813 1793 mari
833 1739 865 1795 et
885 1728 985 1795 omnis
1026 1728 1118 1793 turba
1158 1728 1239 1792 circa
1259 1747 1347 1792 mare
1367 1749 1462 1814 super
1482 1736 1598 1792 terram
1618 1736 1694 1792 erat.
1754 1728 1783 1792 2.
1811 1727 1854 1792 Et
1879 1728 2010 1794 docebat
2038 1751 2090 1793 eos
2118 1729 2150 1792 in

231 1872 366 1935 bispellum
399 1871 528 1932 monlgnm
561 1865 577 1928 Ἰ
630 1869 704 1917 lardo
755 1868 802 1917 hias
836 1869 865 1915 ln
932 1867 982 1916 lars
1061 1865 1100 1914 his
1202 1863 1363 1926 gibardolu'a)
1389 1865 1472 1914 heonn
1504 1864 1565 1912 eodo
1592 1863 1850 1917 basaderclaawand
1877 1872 1904 1915 to
1983 1867 2083 1916 sawend

223 1949 379 2038 parabolis
415 1949 513 2013 multa
554 1957 584 2014 et
605 1947 726 2012 dicebat
751 1946 811 2010 illis
832 1948 865 2010 in
886 1947 1027 2012 doctrina
1046 1967 1102 2009 sna
1151 1945 1180 2009 3.
1208 1944 1327 2010 auditel
1396 1965 1468 2009 ecce
1496 1943 1571 2009 exiit
1646 1945 1802 2010 seminans
1864 1945 1905 2010 ad
1925 1947 2149 2011 seminandum.

301 2083 317 2146 Ἰ
353 2085 450 2147 miter
492 2085 584 2146 glleow
630 2083 695 2134 uber
711 2085 723 2132 1
741 2097 797 2132 sum
852 2083 927 2144 giraol
988 2083 1046 2144 ymb
1083 2082 1200 2133 'casuale
1234 2079 1250 2142 Ἰ
1317 2094 1409 2131 comuu
1487 2081 1601 2144 ssegendo
1766 2079 1782 2142 Ἰ
1829 2085 1912 2132 fretun
1930 2085 1942 2132 1
1961 2092 2021 2134 etun
2075 2084 2129 2135 'but

223 2168 253 2230 4.
285 2165 327 2230 Et
361 2165 436 2230 dum
469 2165 598 2229 seminat
671 2163 756 2228 aliud
829 2162 938 2228 cecidit
971 2162 1052 2226 circa
1100 2163 1184 2228 uiam
1220 2172 1251 2227 et
1281 2170 1434 2226 uenerunt
1471 2163 1613 2227 uolucres
1645 2162 1724 2226 coeli
1764 2172 1794 2226 et
1826 2165 2028 2230 comederunt
2065 2165 2151 2230 illud.

286 2301 350 2353 aber
366 2303 379 2350 1
396 2316 452 2351 sum
486 2301 584 2352 coelica
635 2301 711 2363 giteol
785 2301 838 2350 oter
896 2306 998 2349 stunerc
1047 2298 1101 2350 ber
1152 2312 1184 2348 ns
1259 2299 1337 2348 hetdo
1406 2300 1486 2350 corbo
1700 2297 1716 2359 Ἰ
1771 2301 1856 2352 brebe
1892 2317 1926 2365 up
1944 2303 2063 2353 tomends
2099 2317 2154 2352 uns

223 2383 252 2448 5.
316 2381 414 2447 Aliud
497 2403 571 2447 uero
621 2380 731 2446 cecidit
759 2401 853 2466 super
882 2388 1007 2466 petrose
1047 2378 1101 2444 ubi
1135 2400 1199 2442 non
1239 2377 1348 2443 habuit
1389 2387 1502 2444 terram
1534 2378 1663 2443 multum
1698 2389 1728 2443 et
1761 2379 1863 2444 statim
1910 2391 2054 2446 exortum
2107 2390 2153 2446 est

256 2517 351 2569 corson
418 2531 449 2566 ua
524 2517 603 2566 hetdo
699 2517 812 2567 baonissa
894 2517 975 2568 corbo
1102 2513 1118 2575 Ἰ
1191 2515 1228 2566 ἰο
1297 2529 1350 2566 aras
1367 2517 1379 2564 1
1396 2531 1430 2579 up
1448 2516 1555 2566 amends
1595 2531 1650 2566 was
1685 2530 1766 2567 sunus
1817 2515 1948 2578 ffdrygde
1965 2518 1977 2565 1
1993 2507 2151 2578 lbernda]

226 2597 370 2684 quoniam
400 2619 464 2662 non
492 2597 626 2662 habebat
656 2597 849 2662 altitudinem
880 2606 991 2662 terrae.
1034 2599 1063 2662 6.
1085 2596 1127 2661 Et
1147 2596 1272 2683 quando
1376 2607 1503 2662 exortus
1598 2609 1645 2663 est
1699 2597 1748 2661 sol
1871 2599 2061 2663 exaestuauit
2122 2609 2153 2664 et
2173 2600 2214 2664 10

257 2735 350 2786 tortor
403 2749 435 2784 ne
522 2734 600 2783 haldo
646 2740 777 2796 wyrtruma
810 2734 935 2798 adrugnda
1070 2732 1086 2795 Ἰ
1138 2734 1202 2785 obet
1259 2735 1335 2797 gileol
1375 2730 1413 2799 [in
1448 2734 1533 2786 'cornu
1577 2732 1593 2795 Ἰ
1635 2735 1761 2797 antigoni
1779 2749 1814 2798 up
1832 2735 1916 2784 codun
1952 2734 1988 2784 ba
2006 2734 2100 2784 ’eomas
2134 2733 2151 2795 Ἰ

225 2837 262 2881 eo
282 2815 366 2902 quod
397 2837 461 2879 non
492 2813 626 2881 habebat
653 2814 789 2880 radicem
821 2815 949 2880 exaruit.
1003 2815 1032 2879 7.
1060 2814 1103 2880 Ει
1129 2815 1213 2880 aliud
1241 2815 1351 2880 cecidit
1378 2816 1410 2880 in
1435 2815 1539 2903 spinas
1569 2825 1599 2879 et
1660 2814 1866 2880 ascenderunt
1969 2815 2075 2903 spinae
2122 2823 2152 2880 et

249 2953 419 3004 uuderdulton
496 2951 523 3028 *15
574 2949 591 3011 Ἰ
646 2959 738 3001 wastm
797 2966 829 3001 na
873 2952 953 3014 sulde]
1069 2947 1085 3010 Ἰ
1137 2951 1202 3002 ebor
1255 2935 1331 3016 gtleol
1376 2967 1409 3003 on
1450 2953 1529 3004 corbo
1601 2952 1665 3014 gode
1710 2950 1726 3013 Ἰ
1772 2953 1842 3002 selda
1887 2957 1995 3002 nusum
2039 2952 2152 3015 stigendc

224 3034 454 3099 suffocauerunt
473 3031 551 3097 illud
572 3042 603 3098 et
622 3034 756 3098 fructum
777 3055 839 3098 non
862 3033 955 3099 dedit
1008 3034 1038 3098 8.
1059 3033 1101 3099 Et
1126 3033 1212 3098 aliud
1240 3033 1350 3099 cecidit
1374 3035 1544 3099 interram
1565 3032 1678 3097 bonam
1699 3039 1731 3098 et
1756 3031 1849 3097 dabat
1870 3032 2005 3096 fructum
2040 3053 2144 3097 ascen·

375 3170 391 3233 Ἰ
460 3172 579 3222 vexanda
639 3167 655 3230 Ἰ
692 3177 718 3219 ιο
737 3171 823 3219 brobts
868 3185 899 3220 an
917 3171 928 3220 1
946 3185 1009 3220 enne
1062 3170 1141 3233 tritis
1197 3169 1266 3232 Ἰιο
1344 3173 1425 3234 serug
1491 3168 1507 3231 Ἰ
1567 3184 1599 3219 an
1659 3170 1777 3220 hundre’d
1878 3168 1894 3231 Ἰ
1932 3171 2051 3220 hocwaeb
2087 3170 2150 3221 seba

227 3251 350 3318 dentem
371 3263 402 3318 et
422 3261 611 3318 crescentem
632 3261 663 3317 et
681 3251 846 3316 efferrebat
892 3273 989 3315 unum
1036 3251 1164 3338 triginta
1184 3275 1282 3317 unum
1301 3252 1463 3339 sexaginta
1484 3264 1514 3315 et
1534 3273 1630 3315 unum
1652 3259 1785 3315 centum.
1821 3249 1851 3314 9.
1866 3249 1908 3314 Ει
1927 3249 2048 3316 dicebat
2092 3251 2146 3338 qui

234 3390 318 3441 batc’d
384 3404 442 3439 caru
484 3397 510 3439 to
530 3390 662 3451 giberanuo
705 3388 788 3450 gthsrs
953 3387 969 3450 Ἰ
1011 3389 1107 3451 missy
1141 3403 1197 3439 οπο
1241 3391 1388 3454 syndn'gum
1490 3391 1623 3452 ςιιτοςῃιιο
1711 3391 1769 3440 hine
1805 3389 1858 3440 ’bat
1893 3390 1965 3440 ’tabe
2001 3390 2056 3442 mtb
2093 3391 2151 3440 hius

224 3470 318 3535 habet
359 3491 449 3535 aures
498 3467 643 3534 audiendi
678 3468 791 3533 audiat.
857 3468 905 3533 10.
938 3467 978 3534 Et
1020 3492 1091 3534 cum
1129 3480 1209 3535 esset
1228 3471 1394 3558 singularis
1413 3471 1685 3558 interrogaueruut
1705 3490 1776 3534 eum
1814 3469 1848 3532 hi
1899 3469 1953 3556 qui
1987 3492 2058 3534 cum
2107 3491 2144 3535 co

224 3621 308 3657 nerum
342 3607 399 3658 mis
416 3609 486 3656 twcll
540 3607 674 3670 bispcllum
834 3603 850 3666 Ἰ
904 3606 982 3657 cwe’b
1022 3608 1118 3656 tobim
1157 3609 1207 3656 lov
1269 3609 1350 3670 glsald
1390 3611 1413 3658 is
1455 3610 1507 3661 bnt
1525 3611 1619 3670 glutto
1869 3610 1919 3658 rice
1970 3609 2047 3668 godes
2084 3609 2152 3658 ’bam

225 3697 314 3752 erant
333 3687 497 3752 duodecim
518 3686 708 3774 parabolam.
753 3687 802 3748 11.
823 3683 867 3750 Et
887 3686 1009 3752 dicebat
1057 3687 1100 3752 eis
1144 3689 1233 3752 uobis
1255 3689 1359 3754 datum
1380 3699 1425 3754 est
1487 3711 1580 3755 nosse
1640 3687 1823 3774 mysterium
1852 3689 1943 3774 regni
1974 3687 2036 3752 Dei
2085 3687 2146 3752 illis
2174 3691 2213 3754 15

233 3823 321 3874 bonna
356 3823 428 3875 {aba
462 3831 505 3874 uta
539 3837 629 3874 vernn
663 3825 691 3874 ln
725 3824 860 3887 bispellum
920 3825 969 3873 alla
1020 3823 1117 3874 bio'don
1233 3823 1259 3900 ’15
1318 3826 1422 3887 sisegun
1483 3828 1582 3888 giscaad
1634 3823 1649 3884 Ἰ
1706 3839 1738 3873 no
1807 3826 1887 3886 gisona
1931 3822 1946 3884 Ἰ
1986 3824 2150 3887 baglhorond

224 3914 327 3970 autem
367 3904 420 3991 qui
447 3903 523 3969 foris
549 3912 620 3968 sunt
661 3904 693 3968 in
713 3904 870 3991 parabolis
892 3904 996 3969 omnia
1021 3905 1109 3968 fiunt.
1154 3905 1203 3970 12.
1223 3903 1269 3972 Ut
1299 3905 1439 3971 uidentes
1469 3907 1595 3972 uideant
1623 3914 1654 3971 et
1684 3926 1749 3969 non
1775 3904 1902 3970 uideant
1920 3917 1951 3972 et
1981 3905 2140 3971 audientes

240 4057 338 4120 gibsres
388 4054 405 4118 Ἰ
453 4071 485 4108 ne
529 4058 690 4119 oncunana’b
733 4059 771 4121 by
788 4060 829 4108 las
897 4061 923 4120 gt
999 4059 1106 4109 boasted
1123 4059 1134 4108 1
1151 4060 1262 4122 gicerrcd
1279 4059 1380 4110 blobon
1412 4057 1428 4120 Ἰ
1465 4059 1513 4110 bib
1530 4061 1641 4121 turgaten
1687 4059 1739 4108 blm
1780 4073 1859 4121 nynnc
2020 4058 2036 4121 Ἰ
2073 4061 2151 4111 cust

224 4137 350 4201 audiant
382 4147 412 4201 et
434 4159 500 4202 non
522 4136 695 4224 intelligant
764 4159 806 4202 ne
847 4138 971 4225 quando
1066 4148 1286 4204 conuertuntur
1405 4148 1436 4204 et
1455 4139 1648 4204 dimittantur
1683 4140 1727 4205 eis
1748 4153 1881 4228 peccata.
1935 4141 1985 4206 13.
2006 4140 2048 4205 Et
2089 4142 2130 4205 ait

222 4291 318 4341 tobim
353 4303 531 4354 nocnnnoge
606 4293 697 4355 hispall
772 4287 876 4352 ’ὁοοἸ
961 4292 1009 4340 hvv
1110 4293 1157 4342 alls
1235 4293 1353 4356 blspcllt
1386 4293 1520 4356 glounm'ga
1529 4292 1560 4355 [1]
1570 4308 1661 4356 magun
1679 4295 1814 4357 glcunmga
1932 4293 1996 4343 subs
2039 4294 2126 4344 sawo'b

235 4370 298 4434 illis
381 4371 503 4436 nescitis
554 4371 734 4459 parabolam
754 4370 836 4436 hanc
857 4379 887 4435 et
907 4371 1063 4457 quomodo
1085 4394 1192 4437 omnes
1212 4372 1376 4459 parabolas
1500 4373 1717 4461 cognoscetis?
1864 4376 1913 4438 14.
1936 4371 1999 4451 Qui
2019 4373 2150 4438 seminat

264 4525 332 4574 nord
404 4524 491 4575 sano't
637 4525 685 4576 bas
719 4489 817 4574 unlndt
850 4538 913 4573 arun
948 4525 1010 4576 nobs
1046 4528 1103 4587 ymb
1144 4539 1212 4588 ncog
1246 4524 1295 4575 ’bar
1329 4526 1435 4587 giacum
1455 4527 1503 4578 nit
1556 4527 1624 4578 word
1689 4525 1707 4588 Ἰ
1744 4527 1841 4589 mibty
1884 4526 2006 4587 alhardus
2068 4540 2130 4576 sona

223 4605 354 4670 uerbum
375 4604 514 4670 seminat.
566 4604 682 4670 15.Ηί
713 4613 816 4669 autem
844 4613 917 4669 eunt
952 4606 1006 4691 qui
1034 4605 1116 4671 circa
1136 4607 1219 4670 uiam
1245 4605 1298 4670 ubi
1332 4607 1501 4672 seminatur
1530 4607 1662 4672 uerbum
1684 4616 1714 4673 et
1756 4629 1826 4671 cum
1868 4605 2021 4670 audierint
2048 4605 2150 4672 conle-

310 4772 365 4806 oom
381 4759 393 4806 1
411 4757 503 4820 cymeb
539 4758 573 4809 ’⁶0
593 4757 757 4808 silbamunda
790 4755 807 4820 Ἰ
844 4756 976 4819 ginioma't
1033 4758 1101 4807 word
1158 4757 1236 4808 betto
1297 4759 1405 4819 gisam
1479 4775 1534 4810 was
1569 4763 1595 4810 ln
1657 4761 1744 4810 beortu
1803 4761 1908 4808 icarum
2061 4756 2077 4818 Ἰ
2116 4759 2152 4810 'bn

223 4838 294 4902 stim
369 4839 455 4904 uenit
589 4847 709 4902 satanas
792 4847 823 4902 et
863 4838 964 4904 aufert
1004 4838 1135 4902 uerbum
1159 4838 1243 4924 quod
1270 4839 1454 4904 seminatum
1486 4850 1533 4906 cst
1570 4841 1603 4905 in
1630 4841 1775 4906 cordibus
1804 4861 1921 4905 eorum.
1972 4839 2021 4904 16.
2049 4839 2090 4904 Et
2117 4841 2149 4904 hi
2170 4841 2212 4906 20

233 4993 285 5041 slnt
354 4993 427 5052 gilius
480 4991 552 5043 babo
604 4994 657 5042 orer
708 4999 809 5042 atanera
844 5007 926 5042 nawen
945 4992 957 5040 1
975 4992 1087 5042 cavendo
1104 4992 1153 5043 bib
1201 4991 1273 5043 'ba’ds
1308 4991 1404 5057 mttey
1444 4993 1564 5056 gihardon
1643 4993 1711 5043 nord
1794 5006 1857 5042 sona
1917 4994 1974 5046 ml’d
2017 4994 2148 5055 studuisse

221 5081 294 5136 sunt
314 5072 454 5138 similiter
484 5074 538 5160 qui
576 5095 669 5161 super
697 5083 819 5161 petrosa
912 5073 1104 5137 seminantur
1204 5073 1258 5158 qui
1314 5094 1386 5137 cum
1425 5073 1578 5138 audierint
1608 5073 1738 5138 uerbum
1771 5072 1873 5137 statim
1905 5097 1975 5138 cum
2014 5073 2129 5160 gaudio

261 5229 347 5276 octoas
418 5225 472 5276 ’bnt
616 5223 632 5286 Ἰ
687 5240 719 5275 ne
759 5226 860 5277 babba’d
895 5233 1028 5288 syntoma
1062 5225 1089 5274 lu
1123 5224 1175 5273 him
1208 5225 1240 5275 ab
1299 5226 1351 5276 tide
1368 5225 1486 5276 varenda
1521 5239 1606 5274 norun
1657 5238 1718 5274 sona
1769 5225 1930 5288 mlbbyaras
2003 5233 2109 5286 costung

220 5305 373 5393 accipiunt
400 5303 488 5370 illud.
532 5305 580 5370 17.
602 5304 644 5370 Et
665 5327 729 5369 non
750 5305 866 5371 habent
893 5307 1029 5371 radicem
1055 5305 1089 5370 in
1125 5325 1160 5369 sa
1194 5303 1250 5369 sed
1298 5305 1483 5392 temporales
1522 5314 1602 5369 sunt.
1634 5304 1748 5372 deinde
1820 5316 1889 5372 orta
1950 5304 2148 5370 tribulatione
