4980 6304
371 1252 485 1337 Hasce
512 1269 654 1358 plagulas
682 1290 782 1354 aequo
812 1269 949 1332 virorum
978 1267 1139 1331 doctorum
1166 1267 1278 1330 iudicio
1302 1265 1405 1352 paucis
1429 1267 1656 1330 commendatas
1678 1265 1780 1329 velim.

374 1372 503 1441 Obtiuet
524 1369 603 1434 inter
620 1368 780 1432 thesauros
802 1367 901 1432 Musei
918 1365 1089 1432 Britannici
1106 1387 1201 1428 manu
1218 1365 1348 1450 scriptos
1365 1364 1519 1450 insignem
1536 1364 1639 1428 locum
1658 1365 1901 1452 evangeliarium
1917 1364 2002 1430 Nero
2021 1365 2051 1429 D
2070 1365 2124 1429 IV
2143 1365 2244 1451 signa-

247 1489 326 1556 tum,
347 1473 429 1560 quod
447 1493 486 1536 ex
505 1469 563 1532 viri
584 1468 680 1532 sancti
702 1467 842 1548 nomine,
862 1466 894 1530 in
915 1467 1001 1531 cuius
1019 1467 1170 1530 honorem
1188 1465 1270 1528 circa
1290 1465 1386 1528 finem
1407 1465 1502 1528 seculi
1517 1463 1583 1527 VII
1605 1465 1644 1528 ab
1666 1462 2245 1549 eadfrido(†DO0XX1),aoclesiae

248 1569 525 1636 Lindisfarneeusis
552 1567 711 1655 episeopo,
731 1567 811 1632 mira
835 1588 906 1630 oum
933 1578 1000 1630 arte
1027 1575 1187 1630 exaratum
1215 1573 1277 1644 est,
1306 1564 1419 1628 libmm
1448 1563 1481 1630 S.
1511 1563 1675 1630 cuthberti
1703 1565 1737 1648 (†
1764 1563 1839 1628 XX.
1867 1571 1956 1629 Mart.
1978 1563 2243 1649 DCLXXXVII)

249 1671 405 1760 appellare
426 1668 535 1733 solent.
579 1663 675 1746 Sunt,
697 1666 751 1752 qui
772 1665 904 1730 eundem
926 1664 1040 1729 librum
1062 1687 1081 1726 a
1101 1663 1194 1744 locis,
1216 1662 1269 1728 ubi
1291 1685 1443 1727 unacum
1465 1662 1601 1748 reliquiis
1622 1663 1718 1726 sancti
1739 1663 1922 1733 confessoris
1942 1685 1998 1750 per
2018 1662 2115 1728 multa
2141 1663 2246 1727 secula

249 1780 419 1836 asservatus
447 1783 508 1847 est,
537 1765 587 1830 vel
615 1763 933 1846 Lindisfarneensem,
959 1763 1011 1828 vel
1038 1762 1299 1844 Duuelmeusem,
1327 1763 1471 1828 vocitent.
1522 1761 1586 1828 Sed
1616 1785 1685 1826 cum
1715 1762 1859 1826 universa
1885 1762 2066 1827 nobilissimi
2096 1762 2187 1826 huius
2216 1773 2246 1826 et

215 1865 219 1876 '
249 1869 367 1958 pietatis
389 1876 419 1932 et
439 1864 608 1930 industriae
629 1863 775 1950 pristinae
794 1863 986 1928 monumenti
1012 1862 1139 1928 historia
1166 1862 1374 1927 memorabilis
1403 1863 1475 1926 satis
1496 1862 1535 1927 sit
1555 1873 1642 1944 nota,
1672 1871 1800 1948 propter
1828 1861 1954 1928 uomina
1974 1872 2094 1926 tantum
2114 1864 2146 1926 in
2166 1885 2245 1926 mar-

247 1970 321 2056 gine
339 1966 484 2032 inieriore
505 1964 637 2051 paginae
658 1963 776 2048 primae
797 1963 952 2052 apposita,
974 1962 1051 2026 haec
1071 1961 1247 2026 adnotanda
1268 1982 1335 2026 esse
1355 1961 1430 2025 mihi
1452 1962 1604 2026 videntur.

373 2063 582 2133 Oebilualdus
604 2061 817 2146 (AE'belwold,
839 2066 861 2144 †
880 2059 1132 2146 DCCXXXX),
1153 2059 1294 2124 Eadfridi
1313 2061 1346 2125 in
1368 2062 1544 2149 episcopatu
1565 2083 1739 2144 successor,
1768 2061 1905 2126 codicem
1927 2061 2006 2126 inter
2027 2057 2162 2142 κειμήλια
2183 2083 2247 2124 mo-

251 2165 374 2230 nasterii
396 2162 676 2228 Lindisfameeusis
698 2171 894 2226 numeratum
921 2159 1106 2245 imaginibus
1127 2169 1157 2222 et
1177 2159 1273 2224 literis
1293 2161 1469 2226 maiusculis
1491 2161 1655 2226 artificiose
1675 2161 1803 2248 expietis
1825 2161 2005 2244 illustravit,
2025 2173 2056 2228 et
2076 2187 2095 2226 a
2115 2160 2247 2226 Bilfrido

251 2265 438 2332 anachoreta
464 2263 614 2349 gemmis,
647 2283 724 2326 auro
753 2272 784 2326 et
809 2269 940 2348 argento
977 2259 1203 2340 circumclusis,
1239 2259 1429 2324 extrinsecus
1457 2260 1632 2326 ornandum
1658 2261 1784 2326 curavit.
1834 2259 1926 2326 Circa
1953 2261 2089 2327 medium
2116 2261 2249 2346 denique

250 2365 388 2432 seculum
408 2362 475 2428 XII
446 2363 663 2453 presbyter
684 2360 809 2448 quidam
829 2359 1004 2440 Aldredus,
1024 2358 1202 2424 monasterii
1222 2358 1458 2441 Dunelmensis,
1481 2361 1525 2425 uti
1546 2361 1698 2426 coniicere
1718 2359 1790 2425 licet
1795 2361 1940 2443 ,incola,
1960 2361 2097 2426 codicem
2119 2361 2249 2426 vocabu-

250 2466 288 2530 hs
309 2459 480 2550 anglicas,
476 2483 557 2550 quae
578 2460 680 2524 latinis
702 2459 930 2548 superscripsit,
952 2469 1050 2524 totum
999 2459 1287 2546 uminterpretatus
1309 2467 1363 2524 est
1405 2459 1473 2536 Has
1494 2460 1727 2547 evangeliorum
1747 2460 1881 2547 glossas,
1908 2460 2073 2524 dialectum
2094 2459 2250 2525 Northau-

253 2564 459 2651 hymbrorum
482 2560 701 2642 referentes,'
692 2582 725 2623 m
746 2559 826 2623 libro
847 2559 1011 2646 separatim
1033 2557 1115 2622 edito
1135 2559 1178 2621 ita
1197 2557 1312 2644 digessi
1334 2567 1364 2623 et
1392 2559 1544 2646 disposui,
1573 2570 1607 2624 ut
1634 2560 1810 2626 continuam
1837 2562 2007 2627 orationem
2035 2561 2194 2626 efficerent
2222 2569 2252 2624 et

253 2687 332 2746 uno,
353 2674 388 2727 ut
408 2664 509 2742 aiunt,
531 2670 641 2725 tenore
663 2658 726 2746 legi
745 2667 885 2746 possent,
908 2657 1033 2722 adiectis
1052 2665 1139 2745 praet
1141 2678 1211 2721 erea
1231 2657 1472 2744 praefationibus
1494 2681 1662 2745 earumque
1682 2659 1810 2746 glossis,
1837 2671 1989 2748 quotquot
2016 2671 2083 2725 tum
2103 2661 2135 2723 in
2156 2661 2251 2724 mani-

253 2765 310 2830 bus
331 2763 493 2827 habebam.

381 2861 426 2928 Ut
449 2883 523 2925 vero
545 2871 718 2947 susceptam
738 2881 757 2922 a
779 2879 829 2922 me
850 2877 976 2944 operam
998 2854 1038 2918 ad
1060 2864 1178 2920 certum
1199 2853 1355 2940 quendam
1376 2854 1470 2920 finem
1491 2855 1709 2944 perducerem,
1731 2859 1763 2922 in
1785 2859 1936 2946 Angliam
1957 2860 2112 2946 profectus
2132 2859 2269 2946 glossas

255 2964 440 3026 etiamtunc
463 2960 593 3024 ineditas
615 2981 632 3024 e
653 2959 759 3024 codice
780 2957 846 3044 ipse
867 2955 1026 3043 descripsi,
1053 2977 1128 3040 quaa
1150 2976 1249 3036 nune,
1276 2954 1359 3040 typis
1380 2955 1560 3042 impressas,
1588 2956 1619 3019 in
1647 2958 1769 3045 paginis
1794 2960 1893 3023 1-17
1915 2961 1999 3024 foras
2021 2959 2159 3024 emittere
2181 2981 2251 3024 con-

256 3061 347 3126 stitui.
384 3060 442 3124 llis
464 3059 590 3122 adiunxi
611 3059 655 3144 (in
677 3081 719 3146 pp
740 3049 781 3122 65
803 3066 834 3121 et
854 3057 907 3142 66)
934 3055 1155 3144 praefationem
1182 3053 1311 3120 Eusebii
1338 3055 1378 3118 ad
1399 3053 1589 3143 Carpianum
1618 3056 1736 3140 damm,
1771 3081 1850 3144 quae
1877 3083 1896 3122 a
1920 3058 2052 3144 Josepdo
2081 3059 2252 3138 Staseasoa,

256 3183 337 3224 anno
359 3157 599 3240 MDCCCLlV,
627 3171 698 3223 ante
715 3158 851 3244 glossam
873 3155 1027 3242 evangelii
1047 3154 1195 3220 Matthaei
1213 3152 1507 3237 Lindisfarneensis,
1535 3157 1635 3243 primo
1664 3158 1746 3223 edita
1774 3159 1867 3242 est.*)
1911 3159 1982 3238 Quo
2013 3159 2093 3224 facto
2114 3181 2253 3224 accessus

256 3260 296 3324 ad
317 3259 436 3345 glossas
457 3259 547 3324 huius
566 3258 679 3323 codicis
699 3258 836 3342 integras
853 3256 1010 3337 omuibus,
1033 3255 1143 3340 quibus
1165 3254 1238 3318 talia
1261 3253 1347 3319 cordi
1367 3265 1454 3336 sunt,
1475 3277 1558 3320 nunc
1578 3267 1669 3343 patet.

386 3357 532 3426 Secundo
562 3358 649 3440 loco,
678 3358 710 3420 in
738 3379 779 3445 pp
808 3355 847 3418 17
876 3355 916 3419 ad
941 3355 1000 3435 23,
1025 3354 1200 3418 versionem
1227 3354 1406 3419 saxonicam
1434 3356 1647 3440 quaestionum
1669 3357 1796 3422 Alcuini
1824 3357 1857 3421 in
1885 3359 2030 3445 genesin,
2058 3381 2114 3446 per
2146 3359 2254 3423 orbem

257 3458 457 3523 christianum
479 3459 573 3523 medii
591 3458 671 3524 aevii
690 3477 882 3545 magnopere
904 3452 1143 3534 celebratarum,
1166 3475 1257 3538 quam
1277 3453 1449 3518 monachus
1469 3456 1594 3520 natione
1616 3455 1701 3523 Saxo
1725 3458 1921 3522 occidentalis
1944 3459 2025 3522 circa
2044 3459 2138 3522 finem
2159 3459 2255 3524 seculi

258 3557 309 3622 lX
329 3558 438 3624 fecisse
465 3558 602 3640 videtur,
630 3557 867 3646 imprimendam
896 3554 1018 3639 curavi,
1051 3552 1174 3639 qualem
1201 3553 1347 3618 scodice
1375 3553 1571 3620 homiliarum
1601 3555 1802 3637 Cottoniano,
1830 3557 1936 3622 Julius
1964 3557 1996 3622 E
2028 3557 2100 3621 VII
2123 3558 2255 3644 signato,

137 3663 139 3668 ’
257 3659 324 3746 ipse
345 3657 502 3745 descripsi.
541 3657 701 3744 Interpres
723 3652 809 3722 Saxo
830 3677 870 3719 ex
890 3651 1019 3718 Alcuini
1039 3674 1147 3739 opere,
1166 3653 1251 3739 quod
1271 3653 1529 3742 interrogationes
1550 3678 1680 3721 numero
1700 3655 1936 3722 CCLXXVIH
1956 3659 2206 3745 comprehendit,
2226 3671 2256 3724 et

259 3757 424 3823 LXVIlII
444 3767 564 3822 tantum
583 3757 718 3820 maxime
744 3753 948 3836 necessarias,
971 3755 1029 3839 ,pb
1050 3752 1329 3836 utdbehefestan,t
1357 3765 1391 3818 ut
1411 3754 1477 3841 ipse
1497 3756 1554 3837 ait,
1584 3755 1692 3842 elegit,
1713 3777 1773 3821 nec
1791 3756 1952 3844 exemplar
1972 3757 2100 3822 latinum
2115 3769 2257 3823 accurate

260 3858 426 3945 expressit,
453 3856 508 3920 sed
541 3855 633 3920 modo
661 3857 694 3918 in
722 3855 931 3942 angustiorem
956 3852 1089 3916 formam
1117 3853 1285 3934 contraxit,
1310 3853 1404 3918 modo
1425 3853 1640 3919 additamentis
1668 3855 1861 3942 longioribus
1883 3857 2070 3944 interpositis
2089 3858 2255 3946 ampliavit.

260 3959 380 4042 Atque,
409 3963 443 4017 ut
469 3952 581 4017 elarius
602 3952 751 4036 eluceret,
778 3974 858 4038 quae
877 3951 955 4016 ratio
976 3951 1181 4016 intercederet
1201 3951 1282 4016 inter
1304 3953 1475 4017 versionem
1500 3953 1678 4018 saxonicam
1698 3965 1728 4018 et
1748 3956 1895 4042 scriptum
1915 3957 2135 4045 archetypum,
2164 3959 2256 4023 huius

261 4075 406 4121 numeros
427 4053 513 4117 uncis
534 4052 669 4116 inclusos
690 4053 819 4139 siugulis
840 4051 1070 4138 quaestionibus
1096 4051 1265 4137 anteposui.
1307 4051 1356 4118 Ita
1384 4053 1475 4116 etiam
1497 4052 1533 4134 ii,
1563 4053 1616 4139 qui
1636 4053 1758 4117 dialecti
1776 4056 2056 4142 Anglosaxonum,
2080 4079 2158 4145 quae
2185 4059 2257 4124 dici-

260 4167 326 4234 tur,
347 4155 449 4220 miuus
469 4153 560 4240 periti
581 4161 668 4233 sunt,
689 4153 715 4214 si
736 4151 910 4240 exemplar
916 4151 1045 4215 latinum
1067 4151 1252 4232 evolverint,
1280 4151 1422 4216 omnibus
1444 4151 1519 4217 loeis
1541 4153 1800 4239 interpretationis
1821 4157 1985 4221 saxonicae
2006 4179 2112 4222 veram
2135 4169 2256 4224 seuten-

260 4257 333 4322 tiam
353 4255 547 4343 perspicient.

384 4354 505 4420 Eodem
527 4352 654 4420 consilio
674 4352 860 4440 glossarium
881 4350 995 4433 adieci,
1023 4373 1115 4416 voces
1144 4373 1208 4416 non
1235 4351 1336 4415 solum
1365 4350 1521 4437 explicans
1548 4373 1615 4433 esa,
1645 4353 1775 4437 quaein
1799 4355 2091 4442 interrogationibus
2114 4355 2257 4444 Sigvrulfi
2300 4347 2303 4352 ¹

260 4456 313 4522 vel
333 4455 460 4520 Aleuini
479 4454 641 4540 leguntur,
669 4452 723 4518 sed
744 4474 796 4518 eas
817 4471 957 4538 quoque,
986 4471 1066 4536 quae
1086 4450 1118 4513 in
1138 4449 1218 4514 libro
1239 4451 1294 4514 has
1315 4451 1458 4564 proxime
1478 4451 1665 4540 excipiente,
1692 4441 1838 4534 tractat,u
1867 4455 1953 4538 dieo,
1982 4457 2042 4536 ,de
2069 4459 2257 4544 temporibus

159 4541 162 4550 ’
260 4555 354 4620 anni“
381 4563 555 4618 occurrunt.
597 4551 700 4630 Quem
731 4551 845 4616 librum
874 4573 1060 4637 quamquam
1087 4551 1240 4638 interpres
1267 4549 1389 4616 Saxo
1380 4573 1446 4638 1pse
1474 4552 1547 4616 dicit
1535 4563 1589 4617 te
1617 4553 1722 4618 Bedae
1752 4553 1946 4618 Venerabilis
1982 4555 2095 4642 scripto
2127 4556 2258 4623 eandem

262 4677 328 4720 rem
350 4663 500 4718 tractante
521 4674 588 4718 esse
610 4651 800 4733 desumtum,
829 4651 989 4737 exemplar
1010 4661 1113 4714 tamen
1135 4649 1263 4714 latinum
1285 4651 1366 4730 eius,
1394 4651 1477 4736 quod
1499 4651 1609 4732 sciam,
1634 4663 1734 4717 exstat
1754 4653 1882 4716 nullum.
1925 4653 2028 4720 Editio
2051 4656 2193 4743 princeps
2214 4669 2259 4720 cst

263 4777 314 4835 ea,
343 4775 435 4839 quam
462 4751 594 4816 Thomas
620 4751 754 4838 Wripbt,
781 4751 925 4816 ecodiee
945 4749 1147 4831 Cottoniano,
1173 4749 1315 4815 Tiberias
1335 4749 1367 4814 B
1394 4750 1425 4814 V
1441 4751 1575 4838 signato,
1605 4753 1749 4840 impensis
1771 4754 1923 4817 societatis
1946 4755 2104 4819 cuiusdam
2126 4756 2257 4820 crudito-

262 4875 349 4933 rum,
370 4874 451 4917 anno
474 4849 708 4918 MDCCGXLI
728 4851 862 4933 curavit,
887 4850 991 4914 addita
1014 4850 1155 4914 versione
1177 4850 1308 4963 anglica.
1351 4851 1422 4938 Ego
1444 4851 1539 4932 iufra,
1562 4874 1592 4914 ιιι
1616 4875 1657 4940 pp
1680 4854 1719 4917 23
1741 4852 1781 4916 ad
1802 4854 1893 4934 31,t
1881 4861 1947 4918 text
1949 4877 2000 4918 um
2020 4854 2258 4942 imprimendum

264 4953 367 5018 curavi
390 4973 407 5016 e
428 4950 533 5016 codice
554 4950 758 5016 bibhothecae
779 4899 920 5038 publicae
942 4948 1220 5038 Cantabrigiensis,
1241 4951 1327 5016 euius
1349 4951 1496 5016 lectiones
1518 4952 1587 5015 ab
1578 4975 1645 5066 ipso
1666 4975 1735 5016 cum
1755 4901 1889 5018 editioire
1910 4955 2111 5041 Wrightiana
2132 4955 2259 5021 collatas

263 5052 466 5136 Beniamiaas
491 5049 610 5136 Tiorpe
629 5071 751 5116 mecum
773 5049 1018 5116 communicavit.
1061 5048 1223 5115 Lectiones
1251 5063 1353 5116 autem
1381 5051 1413 5114 in
1439 5052 1507 5114 imis
1528 5054 1649 5139 paginis
1678 5051 1814 5118 adiectae
1843 5053 1955 5118 codicis
1983 5064 2055 5119 sunt
2083 5053 2258 5119 Cottoniani

267 5153 407 5218 Taberias
428 5148 459 5214 B
484 5149 515 5211 V
532 5148 633 5214 denuo
654 5150 766 5214 collati.

299 5334 321 5398 ·)
349 5337 535 5399 Quamquam'
528 5351 578 5384 ram
601 5349 666 5384 anno
691 5307 913 5388 uuccoxxmv
938 5339 996 5387 base
1018 5337 1170 5400 praetatio'
1163 5351 1283 5400 impressa
1306 5338 1355 5387 suit
1377 5345 1434 5386 anto
1459 5341 1631 5389 collectionem
1652 5343 1794 5392 versionum
1812 5343 1995 5404 evangeliorum
2012 5343 2198 5406 saxonicarum,
2220 5349 2260 5394 in-

348 5427 445 5484 ceptam
463 5421 531 5470 illam
550 5436 564 5468 a
584 5423 731 5470 Beatumtao
754 5423 849 5484 rtorpe
866 5429 891 5471 et
908 5424 1022 5472 Jotaaae
1041 5424 1074 5472 M.
1093 5424 1202 5485 Kembte,
1221 5425 1265 5473 ssd
1284 5437 1333 5472 non
1353 5425 1542 5480 absolutamr
1528 5439 1606 5487 nequa
1626 5439 1737 5489 unquam
1758 5429 1783 5476 iu
1803 5429 1892 5490 vulgus
1911 5432 2035 5479 emissam
