4980 6304
1144 399 1397 471 ...66-

338 678 365 720 to
571 670 674 732 gebyrss
743 667 813 716 rades
879 658 1004 728 alitylges
1045 662 1183 731 ntuetlios(
1199 663 1227 731 ¹)
1364 668 1450 716 batulb
1468 667 1583 716 toslttten
1624 666 1661 714 als
1728 679 1818 729 gessen
1878 665 1928 716 so’6
1945 665 1958 715 t
1974 604 2073 716 ebbudb
2117 664 2143 744 ’ᾗ
2204 666 2246 716 bal

333 750 373 815 ad
393 747 534 815 tenorem
555 750 687 837 pertinet
706 746 844 811 lectionis
877 769 1008 833 sequens
1079 747 1142 810 iem
1249 746 1337 812 stilus
1378 747 1568 833 interruptus
1611 767 1677 811 esse
1703 745 1854 810 uideatur.
1932 767 2041 811 uerum
2077 815 2086 838 ι
2116 757 2150 811 nt
2185 746 2271 812 seluo

344 907 453 957 lloboma
496 906 569 956 obba
612 905 740 967 gaadrung
816 903 909 953 obern
968 902 1012 954 ’sn
1030 901 1085 978 ἰῇ
1129 903 1151 952 ia
1240 904 1354 967 godepell
1516 851 1635 965 sindrlga
1684 900 1701 963 Ἰ
1748 902 1784 954 ’δι
1804 902 1930 953 emensa
1964 909 2041 953 stowe
2082 906 2110 954 ot
2177 903 2244 954 'oum

273 1001 275 1005 “
333 1009 464 1074 corpore
502 986 567 1050 siue
634 993 721 1049 textu
770 993 942 1047 ceterorum
996 983 1057 1049 hoc
1113 993 1160 1048 est
1198 984 1396 1070 euangelium
1406 983 1475 1070 (sac)
1511 983 1636 1071 propria
1674 991 1706 1049 et
1754 981 1917 1047 familiaria
1966 983 2035 1048 loca
2076 984 2108 1047 in
2161 984 2272 1070 quibus

336 1109 400 1171 gello
416 1109 428 1156 t
444 1107 492 1155 ilos
524 1101 625 1164 Ἰιιιιο
642 1105 706 1167 gallo
740 1104 867 1164 geouedon
902 1110 1011 1166 gewntts
1044 1104 1085 1154 'ou
1103 1104 1178 1154 m'aebt
1213 1102 1229 1165 ζ1
1266 1104 1323 1155 mi'o
1341 1105 1406 1155 so’ts
1458 1118 1565 1167 gasacca
1616 1106 1722 1166 ontsngs
1773 1105 1835 1153 buta
1850 1111 1897 1153 tua
1949 1105 1977 1154 ot
2010 1103 2078 1154 ’sem
2094 1094 2219 1167 desdende
2232 1106 2275 1167 so·

357 1187 464 1252 eadem
516 1185 717 1271 similiterque
738 1183 874 1249 dixerint
914 1185 993 1249 seire
1054 1184 1153 1272 possis
1195 1206 1232 1248 ao
1294 1205 1368 1250 uere
1427 1184 1579 1249 disserere
1609 1193 1734 1271 accepta
1759 1184 1919 1249 occasione
1941 1206 1980 1248 ex
2022 1183 2171 1272 praedicti

333 1308 453 1373 meeum)
481 1323 525 1358 nar
558 1313 687 1370 gesetnasa
722 1307 802 1358 obera
835 1306 959 1356 rahtnissa
1009 1309 1068 1354 teno
1135 1307 1162 1355 ot
1176 1307 1210 1355 tu
1271 1305 1307 1355 ss
1341 1319 1433 1354 marcas
1451 1305 1463 1353 t
1481 1311 1566 1354 οιοοιι
1609 1306 1633 1354 io
1650 1305 1792 1368 gemsrcade
1855 1303 1919 1355 ’bara
2005 1311 2077 1354 areat
2169 1307 2237 1355 tener

478 1388 538 1453 uiri
578 1387 679 1453 studio
739 1385 800 1452 alia
846 1385 965 1450 ratione
986 1384 1094 1450 decem
1114 1407 1244 1450 numero
1270 1385 1326 1450 tibi
1407 1384 1512 1450 titulos
1613 1384 1783 1472 designaui.
1817 1407 1950 1471 quorum
1980 1385 2098 1473 primus
2130 1394 2274 1472 quattuor

336 1546 363 1594 ln
398 1545 450 1594 blm
500 1545 622 1606 gabaldars
708 1491 759 1608 told
840 1544 869 1592 ln
932 1541 999 1593 ’bem
1060 1542 1150 1604 galleta
1186 1544 1214 1590 ot
1287 1542 1364 1591 allum
1425 1541 1551 1603 gseusdsn
1586 1556 1646 1590 aron

294 1626 367 1690 bin
406 1645 440 1689 ss
487 1624 623 1690 continet
659 1645 805 1688 numeros
837 1622 869 1686 in
908 1622 1019 1709 quibus
1049 1621 1161 1686 similia
1181 1622 1221 1687 ab
1248 1620 1401 1686 uniuersis
1455 1621 1536 1687 dicta
1578 1632 1650 1686 sunt
1687 1621 1826 1687 Mattheo
1865 1621 1972 1688 Marco
2001 1621 2088 1688 Luca
2122 1621 2272 1688 Iohanne.

367 1748 450 1797 auara
510 1747 537 1796 ln
581 1745 648 1796 'tem
690 1744 752 1796 ’ersa
1249 1742 1325 1792 'birds
1359 1742 1386 1791 in
1440 1742 1507 1793 bam
1560 1743 1624 1793 'tras
2166 1743 2255 1795 toartis

333 1825 486 1892 secundus
508 1826 540 1890 in
560 1826 671 1912 quibus
692 1833 755 1890 tres
777 1822 931 1889 Mattheus
953 1823 1077 1889 Marcus
1099 1821 1208 1888 Lucas.
1235 1823 1343 1888 tertius
1364 1823 1396 1886 in
1423 1824 1534 1910 quibus
1561 1833 1624 1889 tres
1652 1823 1807 1891 Mattheus
1828 1823 1929 1891 Lucas
1950 1824 2116 1891 Iohannes.
2146 1834 2275 1912 quartus

334 1950 362 1997 in
414 1947 481 1998 ³tem
521 1946 584 1998 ’tres
1155 1946 1212 1994 litte
1263 1946 1290 1994 in
1342 1944 1410 1995 bem
1454 1950 1529 2006 trogo
1762 2017 1764 2021 v
1881 1948 1957 1997 sciata
1991 1949 2018 1998 iu
2062 1947 2131 1999 ’tem
2183 1953 2273 2010 tuoege

335 2028 368 2092 in
390 2027 501 2115 quibua
520 2036 583 2091 tres
603 2025 760 2092 Mattheus
781 2024 905 2089 Marcus
926 2024 1093 2090 Iohannes.
1116 2025 1240 2110 quintus
1260 2023 1294 2087 in
1316 2025 1427 2111 quibus
1458 2025 1520 2091 duo
1552 2024 1709 2091 Mattheus
1732 2025 1841 2091 Lucas.
1864 2037 1969 2092 sextus
1989 2029 2023 2092 in
2045 2029 2155 2114 quibus
2192 2026 2253 2092 duo

520 2147 545 2210 (l.
566 2148 674 2206 Marcus)
715 2146 834 2196 seolonda
872 2145 901 2192 ln
954 2145 1022 2196 ’dum
1073 2152 1147 2207 tuegs
1551 2146 1660 2197 aahte’oa
1701 2149 1728 2197 in
1788 2148 1857 2199 bem
1910 2155 1983 2211 tuege

335 2227 490 2295 Mattheus
512 2225 679 2292 Iohannes.
700 2226 847 2314 septimus
870 2226 902 2289 in
931 2225 1042 2312 quibus
1073 2224 1134 2290 duo
1168 2224 1323 2289 Mattheus
1344 2224 1512 2290 Iohannes.
1545 2235 1670 2292 ostanus
1701 2228 1734 2292 in
1764 2229 1876 2316 quibus
1913 2229 1975 2295 duo
2007 2229 2132 2294 Marcus
2162 2227 2273 2295 Lucas.

341 2348 423 2400 nio’oa
457 2349 484 2398 in
537 2348 605 2399 bam
657 2356 747 2410 tuoega
1130 2345 1204 2396 rores
1264 2347 1291 2395 in
1352 2345 1419 2396 'tem
1463 2346 1590 2410 sulndrlgs
1627 2349 1655 2397 ot
1739 2349 1833 2400 o'trum
1906 2350 2049 2401 sundurlics
2109 2353 2233 2402 annritnn

335 2450 435 2492 nonus
456 2431 487 2492 in
517 2428 627 2515 quibus
667 2427 729 2492 duo
760 2425 862 2491 Lucas
892 2424 1059 2491 Iohannes.
1092 2426 1228 2491 decimus
1261 2427 1295 2490 in
1330 2426 1441 2513 quibus
1469 2427 1584 2514 singuli
1622 2427 1661 2493 de
1693 2428 1878 2515 quibusdam
1915 2430 2040 2518 proprie
2075 2431 2273 2497 scribamus

334 2586 362 2634 ot
378 2584 433 2636 bon
450 2600 477 2634 ao
522 2584 584 2636 'tara
604 2585 711 2634 undsrra
761 2597 895 2646 marcungia
938 2581 964 2660 'p
1007 2583 1031 2633 is
1080 2583 1277 2644 rsbtamoawnng
1311 2530 1400 2649 borht:
1432 2582 1530 2634 nothos
1581 2585 1653 2636 hieru
1747 2601 1805 2648 sago
1893 2586 1943 2649 ’cys
1986 2589 2009 2636 is
2043 2583 2175 2646 ltorbon
2210 2588 2274 2639 ’derb

276 2664 316 2729 10
337 2664 480 2751 equidem
511 2664 720 2730 subiectorum
748 2663 907 2728 titulorum
940 2663 973 2728 id
1001 2673 1046 2758 est
1073 2673 1290 2750 argumentum
1312 2662 1396 2727 clara
1450 2685 1524 2729 uero
1572 2685 1679 2729 eorum
1709 2665 1846 2732 narratio
1878 2666 1955 2732 haec
1975 2677 2029 2731 est.
2051 2667 2165 2732 etenim
2220 2689 2276 2756 per

342 2787 461 2849 syndriga
495 2793 572 2836 ιοοιοι
666 2785 797 2848 godepella
897 2783 983 2835 obtat
1085 2785 1122 2834 tul
1216 2798 1321 2846 gasegsn
1338 2784 1388 2835 bis
1440 2789 1561 2847 togssetat
1613 2787 1730 2838 besrtlics
1746 2788 1759 2836 t
1775 2787 1882 2851 lytbuon
1934 2791 2058 2851 ongtnnes
2091 2790 2156 2838 hom
2206 2777 2258 2838 lma

336 2867 459 2953 singula
496 2866 566 2931 loca
607 2864 840 2952 euangeliorum
872 2863 999 2950 quidam
1030 2885 1176 2929 numerus
1238 2863 1363 2928 uidetur
1418 2862 1575 2952 adpositus
1678 2866 1826 2954 paulatim
1919 2867 2069 2956 incipiens
2114 2891 2133 2932 a
2174 2869 2275 2958 primo

337 2979 441 3038 eliberi
476 2987 514 3049 'dy
533 2989 628 3038 artem
690 2985 773 3036 si’t'ta
825 2985 888 3036 ’brea
920 2981 936 3044 Ἰ
974 2985 1039 3036 ’terh
1074 2985 1267 3036 andebrednlsse
1312 2984 1480 3035 ’ὁοιιοοοιοι
1523 2986 1586 3036 ands
1638 2985 1692 3039 wi'o
1736 2977 1956 3051 lagaeatgsteras
1991 2987 2078 3039 ’bonno
2113 2989 2178 3040 ’berh
2213 3003 2276 3040 sun·
2381 3053 2385 3058 Π

355 3068 426 3133 dein
486 3066 622 3132 secundo
649 3075 806 3154 postremo
826 3074 889 3130 tres
916 3077 947 3130 et
978 3086 1034 3152 per
1107 3065 1248 3130 ordinem
1317 3063 1469 3129 librorum
1499 3066 1595 3131 finem
1617 3089 1713 3154 usque
1746 3068 1959 3157 progrediens.
1984 3068 2090 3156 itaque
2118 3091 2175 3158 per
2215 3071 2277 3134 ain·

344 3191 416 3252 drlga
498 3189 549 3238 talo
687 3187 723 3236 tal
809 3187 873 3238 ’derb
1070 3184 1190 3236 biaohsad
1263 3185 1400 3248 lnblgaatss
1418 3187 1430 3235 t
1448 3187 1559 3236 intrudas
1593 3188 1708 3238 inserena
1741 3190 1861 3250 gubernas
1879 3190 1891 3238 t
1909 3194 2025 3253 gotserus
2070 3195 2097 3240 to
2115 3190 2215 3252 obrem
2250 3193 2279 3242 ot

336 3270 428 3358 gulos
448 3261 594 3334 numeros
615 3265 790 3355 supputatio
816 3286 873 3352 per
898 3263 986 3328 minii
1014 3262 1240 3331 distinctionem
1333 3267 1507 3340 inuenitur
1592 3267 1708 3334 inserta
1796 3269 1974 3356 significans
2118 3270 2168 3336 oui
2237 3269 2278 3337 de

349 3383 436 3456 talium
469 3404 578 3440 marcum
629 3393 752 3451 togaaetet
837 3387 873 3436 tal
981 3398 1110 3435 οοοοοιοι
1154 3388 1247 3436 swelce
1305 3365 1403 3438 so'dlies
1473 3395 1544 3438 areat
1594 3390 1719 3440 nutstlice
1753 3391 1776 3440 ts
1810 3393 1838 3440 in
1873 3365 1941 3442 ’tem
1958 3394 2038 3442 torma
2081 3394 2120 3455 gu
2168 3407 2196 3446 ao
2247 3394 2276 3444 ln

336 3471 444 3538 decem
473 3469 569 3535 titulis
607 3468 765 3555 adpositus
786 3487 932 3531 numerus
954 3465 1131 3530 dinoscitur.
1155 3466 1250 3532 ueluti
1270 3467 1422 3554 siquidem
1443 3469 1579 3554 primum
1600 3478 1719 3534 certum
1739 3480 1785 3536 est
1804 3469 1838 3534 in
1899 3471 2011 3558 primo.
2081 3473 2107 3538 si
2135 3495 2211 3539 uero
2243 3474 2277 3538 in

338 3593 404 3644 ’eam
422 3584 494 3644 estre
528 3589 545 3652 Ἰ
584 3590 619 3642 bs
636 3591 685 3639 ilos
725 3589 784 3638 wisa
841 3586 895 3638 wit
947 3593 973 3636 to
1018 3593 1104 3636 tenum
1139 3589 1177 3648 git
1209 3587 1308 3638 so'tlice
1341 3592 1406 3638 from
1420 3590 1563 3652 ymboerrad
1609 3603 1643 3639 an
1728 3604 1779 3641 aue
1797 3591 1870 3643 buslo
1949 3597 1977 3644 ot
2029 3595 2057 3643 ot
2073 3595 2144 3644 taour
2196 3595 2259 3658 god·

279 3674 318 3740 15
347 3672 482 3738 secundo
521 3681 552 3737 et
579 3669 689 3736 eodem
708 3667 802 3734 modo
825 3688 921 3754 usque
943 3666 983 3731 ad
1005 3666 1122 3732 decem.
1144 3668 1170 3730 si
1211 3668 1306 3755 igitur
1389 3669 1514 3734 euoluto
1591 3693 1654 3736 uno
1688 3671 1906 3758 qualicumque
1937 3670 1977 3737 de
2008 3683 2152 3760 quattuor
2186 3695 2279 3740 euen-

336 3795 443 3859 apellum
477 3807 528 3844 sue
546 3793 661 3842 busleum
694 3779 796 3840 lucardo
814 3790 827 3838 t
844 3788 1011 3838 bsateduaard
1047 3787 1088 3838 ’bu
1105 3788 1183 3837 sella
1226 3790 1343 3840 instando
1390 3787 1406 3850 1
1444 3786 1596 3858 sftg[e]nuta
1631 3792 1711 3844 ’δι’ὁο
1764 3794 1828 3855 gello
1896 3794 1997 3856 endon
2039 3793 2056 3856 Ἰ
2093 3795 2278 3858 atovatstyde

342 3873 433 3962 geliis
506 3873 631 3937 cuilibet
786 3868 920 3956 capitulo
1080 3867 1176 3950 uelis⁴
1209 3867 1350 3934 insistere
1380 3879 1410 3936 et
1462 3874 1575 3938 rescire
1638 3872 1691 3961 qui
1740 3873 1852 3938 similia
1871 3873 2007 3941 dixerint
2028 3886 2058 3941 et
2136 3875 2206 3942 loca

352 3994 457 4046 sundria
507 4006 625 4042 oncuawa
676 4006 736 4040 aura
753 3990 861 4052 gerasto
895 3993 922 4040 ln
975 3989 1043 4041 ’tem
1109 3991 1172 4053 gello
1215 4004 1275 4040 aron
1315 3979 1445 4054 lespiacon
1481 3984 1528 4044 ati
1545 4007 1620 4043 anum
1663 3994 1729 4046 ’sou
1781 3996 1922 4046 suehans
1961 3995 2098 4048 assessu
2127 3987 2296 4048 aaredsndo'

339 4073 465 4165 propria
485 4093 653 4160 agnoscere
673 4070 868 4158 singulorum
894 4069 1060 4157 inquibus
1081 4069 1189 4135 eadem
1208 4079 1281 4170 sunt
1297 4069 1450 4158 prolocuti
1478 4071 1616 4137 eiusdem
1636 4096 1743 4140 sensus
1766 4097 1952 4163 quemquem
1986 4087 2071 4143 tenes
2121 4077 2257 4165 religans

1252 4172 1261 4205 1

364 4227 518 4293 lorsgaasted
621 4227 658 4276 tal
733 4223 792 4286 ils
810 4232 836 4276 to
855 4239 976 4276 ιοοοιοοο
1011 4227 1070 4276 bine
1104 4228 1132 4274 in
1158 4215 1299 4290 lemarouno
1335 4226 1402 4277 bans
1471 4235 1582 4279 ausser
1634 4245 1778 4293 marounges
1814 4231 1992 4282 undamsroad
2058 4248 2121 4284 aona
2183 4241 2280 4297 ganta

340 4312 534 4402 propositum
554 4327 717 4372 numerum
738 4306 972 4394 quaesitumque
1004 4328 1075 4372 eum
1101 4306 1134 4369 in
1183 4305 1271 4370 titulo
1306 4327 1406 4392 quem
1426 4307 1617 4374 demonstrat
1667 4312 1747 4377 tituli
1809 4313 1982 4378 subnotatio
2004 4315 2150 4381 continuo
2184 4315 2263 4380 scire

343 4469 383 4520 'tu
400 4469 476 4518 maht
524 4465 553 4516 ol
643 4464 827 4513 otsmltanum
940 4462 989 4513 ’ὁιι
1031 4465 1058 4512 ln
1104 4463 1224 4513 tornuerd
1257 4464 1310 4512 tors
1328 4464 1435 4546 genotad
1460 4473 1469 4492 ³
1483 4464 1521 4516 ’6ο
1539 4411 1649 4531 inundes
1688 4457 1757 4518 ibon
1795 4468 1821 4546 ᾗ
1856 4485 1908 4520 swa
1923 4470 2009 4533 manig
2042 4473 2070 4520 ot
2103 4471 2170 4523 'tum
2209 4427 2262 4524 ιδι

353 4549 467 4639 poteris
516 4568 556 4612 ex
585 4543 894 4632 superscribtionibus
926 4542 1060 4630 quasin
1109 4543 1212 4607 fronte
1290 4551 1410 4608 notatas
1495 4543 1634 4611 inuenies
1688 4548 1761 4634 quia
1791 4557 1825 4614 ut
1902 4560 1977 4636 quot
2029 4550 2069 4615 de
2110 4549 2158 4615 his
2200 4571 2280 4637 quae

343 4669 383 4721 ’su
399 4671 512 4720 insessas
552 4669 643 4729 galtere
666 4669 669 4678 ’
694 4665 796 4716 cwadon
857 4663 949 4728 oyme’o
1000 4662 1162 4726 gteteosbb
1197 4669 1224 4714 to
1271 4663 1364 4714 o'trum
1414 4665 1547 4730 godspalla
1580 4667 1644 4718 ’terh
1675 4668 1730 4720 'ton
1747 4671 1797 4720 ileo
1890 4672 1926 4720 tal
2031 4672 2098 4723 ’oens
2143 4674 2262 4722 nimands

280 4751 322 4816 20
360 4748 495 4836 inquires
537 4747 649 4812 similia
669 4744 812 4811 dixerint.
838 4744 963 4810 ueniens
1036 4743 1128 4809 etiam
1190 4743 1230 4808 ad
1256 4744 1375 4830 reliqua
1396 4747 1557 4834 euangelia
1586 4771 1643 4836 por
1670 4749 1804 4815 eundem
1824 4771 1988 4815 numerum
2009 4773 2102 4838 quem
2122 4752 2281 4818 continent

341 4868 381 4921 ’eu
398 4871 475 4932 gestat
507 4869 650 4930 torsaatado
668 4868 681 4916 t
697 4865 835 4930 gagaadrad
870 4864 934 4915 ’terh
977 4863 1095 4926 sundrigo
1174 4865 1225 4915 talo
1307 4861 1373 4924 Ἰιο
1417 4865 1454 4917 ’δι
1487 4869 1515 4918 tn
1549 4868 1620 4918 blora
1671 4870 1828 4932 snindrigum
1880 4871 1982 4936 stydnm
1999 4872 2011 4919 t
2027 4880 2133 4922 stonum
2168 4875 2280 4936 ongsllea

351 4949 470 5016 uidebis
600 4947 755 5036 adpositos
877 4965 935 5033 per
968 4943 1108 5031 singulos
1130 4965 1275 5010 numeros
1295 4953 1388 5031 atque
1415 4967 1469 5012 eos
1493 4947 1526 5010 in
1557 4947 1620 5012 suis
1654 4949 1850 5038 propriisque
1972 4951 2046 5018 loeis
2168 4954 2280 5019 similia

345 5072 477 5137 geswedon
512 5069 551 5119 ’6ο
569 5069 683 5124 onbnrlsa

354 5152 468 5218 dixisse
515 5147 679 5236 repperies.
1408 5219 1410 5224 .

967 5248 1104 5312 gasagdu
1216 5238 1375 5312 lassorum
1499 5255 1611 5304 eusebiae

920 5327 1132 5397 EXPLICIT
1166 5327 1426 5399 PRAEFATIO
1452 5329 1645 5402 'EUSEBIL

1037 5455 1513 5493 ψ
