4980 6304
1150 362 1398 436 „52-

341 563 375 612 'ta
394 565 548 614 foer-timestu
582 562 597 623 Ἰ
636 565 668 613 da
686 566 821 614 latemeatu
863 564 1000 614 toeriimest
1137 576 1221 612 norun
1255 561 1348 610 sorbeo
1390 575 1422 610 on
1464 573 1546 621 woege
1622 559 1721 618 augon
1822 560 1850 605 in
1875 558 2022 606 hierusalem
2079 554 2095 616 Ἰ
2132 561 2184 607 iore
2209 557 2269 607 eodo

363 644 520 707 nouissimi
574 653 604 708 et
657 643 815 708 nouissimi
884 643 984 731 primi.
1049 644 1098 711 32.
1129 641 1228 705 Erant
1256 650 1359 706 autem
1387 640 1420 704 in
1472 640 1522 704 uia
1563 636 1761 703 ascendentes
1804 636 2030 723 lerosolymam
2073 647 2104 702 et
2145 659 2270 724 praece-

340 780 494 841 lgongeude
514 795 568 828 nes
605 783 655 830 hirn
693 780 725 830 ile
744 781 791 829 hei
825 777 840 839 1
879 782 973 840 styltun
992 780 1002 826 l
1021 779 1135 840 swigdun
1169 776 1184 837 1
1232 778 1347 839 tyligdun
1399 778 1558 826 ondreordun
1592 773 1607 834 ]
1650 783 1675 824 to
1693 777 1778 836 ginom
1813 778 1875 824 citer
1891 789 1953 826 sona
2009 777 2093 825 tuella
2176 791 2256 838 ongan

401 859 493 923 debat
597 861 665 923 illos
706 860 793 924 lesus
821 871 851 925 et
913 859 1075 945 stupebant
1158 869 1189 924 et
1209 867 1371 944 sequentes
1402 857 1558 922 timebant.
1589 867 1619 922 et
1639 877 1798 920 assumens
1831 855 1942 919 iterum
1975 853 2139 920 duodecim
2171 858 2272 944 eoepit

344 996 409 1044 ’cam
444 999 548 1047 eweoha
597 998 632 1046 ’δι
650 997 714 1058 'cing
755 1012 835 1046 weron
870 998 920 1046 him
973 998 1082 1044 toworde
1225 995 1319 1046 ior'con
1351 995 1431 1044 heono
1499 1009 1537 1042 ιιι
1553 997 1629 1056 etigas
1715 995 1863 1043 hierusalem
1956 990 1973 1052 Ἰ
2032 1006 2098 1042 sunu
2149 1007 2253 1042 mennas

342 1075 404 1138 illis
447 1077 548 1140 dicere
610 1099 688 1161 quae
747 1086 848 1141 essent
884 1077 913 1141 ei
952 1087 1109 1140 euentura.
1159 1077 1209 1140 33.
1232 1075 1316 1154 Quia
1354 1096 1425 1139 ecee
1458 1073 1651 1138 ascendimus
1683 1073 1913 1161 lerosolymam
1952 1083 1983 1138 et
2022 1074 2105 1138 filius
2138 1075 2271 1138 hominis

342 1211 422 1272 gisald
442 1212 488 1262 bie
525 1213 716 1262 aldermonnum
787 1213 886 1262 sacerdo
1008 1213 1142 1262 u'twutum
1176 1210 1191 1269 Ἰ
1255 1183 1380 1273 ginierias
1437 1212 1494 1260 hine
1529 1210 1653 1260 todeo'in
1686 1208 1703 1270 Ἰ
1749 1212 1821 1259 sallas
1890 1212 1947 1259 hine
2001 1210 2096 1260 habui
2244 1211 2259 1270 J

346 1291 484 1354 tradetur
525 1293 713 1378 principibus
735 1293 927 1356 sacerdotum
950 1302 980 1356 et
1021 1293 1128 1356 scribis
1170 1300 1200 1356 et
1223 1291 1413 1355 damnabunt
1435 1312 1505 1354 eum
1543 1299 1642 1354 morte
1683 1299 1715 1353 et
1732 1290 1857 1354 tradent
1884 1312 1954 1355 eum
1975 1291 2118 1377 gentibus
2171 1291 2222 1355 34.
2242 1303 2272 1356 et

342 1429 484 1488 hiemerigas
511 1431 568 1477 hine
597 1429 612 1489 ]
684 1432 772 1492 spittas
960 1427 976 1488 Ἰ
1020 1429 1066 1478 hia
1084 1429 1189 1490 stringas
1237 1429 1295 1477 hine
1329 1426 1346 1488 Ἰ
1383 1429 1430 1477 hia
1448 1427 1555 1478 ewella'e
1591 1429 1648 1476 hine
1683 1423 1699 1486 Ἰ
1730 1427 1870 1488 ’δι’ὁίιάιιι
1890 1430 1956 1490 dege
1992 1430 2069 1477 arisae
2243 1428 2260 1490 Ἰ

302 1507 480 1571 5illudent
522 1509 549 1571 ei
593 1521 621 1572 et
643 1510 824 1574 interficient
852 1531 921 1573 eum
946 1518 976 1573 et
996 1508 1199 1594 flagellabunt
1225 1529 1296 1572 cum
1318 1518 1348 1571 et
1368 1507 1551 1572 interficient
1579 1528 1649 1570 eum
1680 1517 1710 1570 et
1759 1507 1849 1570 tertia
1896 1508 1947 1572 die
1967 1517 2117 1595 resurget
2160 1509 2211 1574 35.
2231 1509 2272 1573 Et

341 1645 516 1705 ginsolicaduu
552 1654 579 1693 to
622 1647 672 1694 him
724 1648 804 1695 iacob’
866 1645 882 1706 J
952 1647 994 1695 ioh
1063 1659 1129 1694 sunu
1175 1646 1279 1694 zebedes
1323 1645 1458 1694 evehendo
1493 1645 1601 1691 lalarwa
1635 1644 1725 1692 wallon
1744 1657 1779 1692 ιιι
1799 1643 1851 1719 pte
1903 1659 1952 1694 ιιιι
1970 1660 2019 1694 swa
2104 1661 2141 1696 ιιι
2158 1649 2255 1696 ιιὶΙιιίιι

360 1725 509 1788 accedunt
544 1726 583 1789 ad
605 1749 675 1789 eum
697 1727 829 1790 lacobus
853 1737 882 1790 et
905 1727 1037 1790 loannes
1059 1725 1113 1788 filii
1135 1724 1290 1789 Zebedaei
1310 1725 1444 1789 dieentes
1466 1723 1610 1808 magister
1644 1723 1787 1788 uolumus
1809 1735 1841 1787 ut
1862 1724 2067 1811 quodeunque
2094 1726 2271 1814 petierimus

348 1862 447 1913 ’tudoe
492 1877 520 1910 us
672 1865 721 1912 soe
751 1865 780 1912 he
808 1865 885 1914 ewaeb
911 1865 961 1912 him
994 1864 1065 1910 hunt
1086 1862 1305 1938 wilnigasgepte
1341 1863 1420 1911 icdoe
1483 1863 1531 1908 iow
1698 1857 1713 1919 1
1767 1860 1870 1909 ewedun
1905 1863 1941 1909 sel
1999 1875 2029 1910 us
2064 1861 2116 1938 ·]5te
2153 1877 2185 1912 ιιι
2237 1870 2263 1912 to

344 1941 437 2005 facias
461 1943 558 2004 nobis.
602 1945 650 2006 36.
674 1944 718 2007 At
738 1943 790 2006 ille
812 1943 890 2006 dixit
920 1945 963 2006 eis
993 1943 1067 2028 quid
1117 1943 1209 2006 uultis
1266 1953 1300 2006 ut
1320 1941 1431 2004 faciam
1452 1939 1565 2004 uobis?
1606 1940 1656 2003 37.
1678 1937 1720 2002 Et
1740 1938 1886 2003 dixerunt
1906 1939 1946 2002 da
1968 1941 2057 2006 nobis
2079 1952 2113 2006 ut
2132 1965 2212 2006 unus
2232 1941 2271 2005 ad

376 2079 467 2128 swihre
524 2081 595 2129 himo
631 2079 646 2138 1
685 2082 747 2128 chor
782 2087 807 2128 to
828 2081 1042 2135 bersniirutsie)
1062 2079 1136 2128 'hints
1189 2081 1277 2140 gesti-te
1346 2079 1374 2126 in
1402 2077 1496 2126 wuldro
1517 2075 1608 2123 ’einum
1696 2076 1730 2125 'de
1749 2077 1796 2125 hei
1814 2077 1913 2128 coelice
1931 2078 2009 2128 ewe’c
2027 2079 2078 2128 him
2105 2086 2272 2139 nouomnge

342 2158 502 2222 dexteram
525 2169 609 2222 tuom
633 2171 662 2222 et
684 2161 760 2223 alius
780 2161 819 2224 ad
862 2162 1015 2223 sinistram
1058 2169 1142 2222 tuam
1163 2159 1323 2222 sedeamus
1344 2157 1375 2219 in
1397 2157 1499 2242 gloria
1527 2166 1588 2218 tua.
1632 2154 1681 2218 38.
1704 2155 1791 2220 Iesus
1813 2169 1914 2220 autem
1945 2159 1988 2220 ait
2031 2158 2073 2222 eis
2120 2157 2242 2222 nescitis

343 2295 414 2342 hwat
432 2297 775 2357 gegiowigashumagonge
798 2297 864 2346 itone
883 2300 944 2346 ealie
980 2299 1065 2345 drinca
1108 2294 1176 2345 5eone
1221 2296 1244 2343 ie
1284 2295 1370 2343 drinco
1400 2295 1412 2340 l
1458 2293 1621 2342 battulwiht
1639 2292 1728 2342 oreon
1758 2296 1781 2341 ic
1844 2295 1949 2342 fulrado
1981 2294 2272 2370 figariolngilulwade

345 2373 419 2457 quid
464 2376 580 2460 petatis.
632 2376 756 2461 potestis
809 2376 935 2440 calicem
967 2377 1074 2440 bibere
1095 2397 1185 2460 quem
1208 2397 1267 2460 ego
1288 2375 1361 2438 bibo
1383 2383 1435 2436 aut
1468 2373 1618 2458 baptismo
1653 2394 1715 2458 quo
1738 2395 1797 2458 ego
1822 2374 1961 2460 baptizor
2029 2373 2200 2462 baptizari?

417 2510 467 2559 se'd
491 2511 532 2558 hia
567 2512 670 2560 enedun
716 2514 766 2561 him
822 2529 857 2561 we
875 2530 966 2575 magun
1010 2513 1064 2561 boh
1082 2513 1130 2560 hei
1153 2513 1288 2561 wutndliee
1314 2509 1391 2560 enee
1414 2511 1464 2557 him
1500 2509 1567 2558 'bone
1588 2511 1650 2558 relic
1693 2524 1719 2557 ec
1744 2510 1797 2559 ’oon
1842 2510 1912 2561 ’cene
1964 2513 1988 2558 ie
2022 2513 2108 2560 drinco
2138 2525 2167 2573 ge
2186 2511 2272 2560 drineo

286 2591 325 2651 10
346 2589 396 2652 39.
419 2590 464 2652 At
484 2589 529 2652 illi
551 2590 695 2653 dixerunt
727 2592 754 2654 ei
808 2615 978 2678 pessumus.
1032 2591 1118 2654 lesus
1167 2601 1268 2654 autem
1327 2593 1369 2653 ait
1417 2591 1460 2653 eis
1506 2589 1632 2652 calicem
1674 2589 1798 2674 quidem
1827 2611 1919 2675 quem
1941 2612 2000 2676 ege
2029 2592 2101 2656 bibo
2143 2590 2253 2655 bibetis

350 2723 365 2785 Ἰ
397 2726 448 2776 'iat
459 2723 577 2790 [tulerit]
591 2729 618 2775 oi
629 2727 693 2776 'eam
723 2731 744 2777 ic
785 2727 982 2790 hiomgiiulwad
1023 2728 1055 2777 'ia
1074 2728 1208 2787 gilulwiae
1363 2729 1434 2776 uittas
1472 2725 1597 2774 witudlioe
1626 2739 1658 2773 on
1685 2725 1857 2787 baswictu'ol
1885 2729 1938 2774 min
2007 2727 2018 2775 l
2062 2741 2095 2775 on
2119 2727 2274 2788 ’iawynstra

351 2817 381 2870 et
430 2807 579 2892 baptismo
623 2829 683 2892 quo
724 2830 781 2892 ego
824 2809 964 2894 baptizor
1004 2808 1242 2894 baptizabimini.
1279 2807 1328 2870 40.
1345 2804 1463 2872 Sedere
1489 2818 1590 2870 eutem
1622 2805 1661 2869 ad
1684 2805 1844 2869 dexteram
1865 2829 1966 2870 meam
1989 2806 2039 2872 uel
2059 2808 2098 2871 ad
2119 2808 2274 2872 sinistram

362 2957 391 2991 ne
444 2945 465 2992 is
526 2945 578 2990 min
634 2945 781 2992 tosellanno
825 2945 871 2993 low
933 2948 963 2995 ah
1017 2946 1081 2994 'hem
1101 2946 1133 2994 ’oe
1161 2945 1300 3007 gigeorwad
1341 2944 1363 2992 is
1525 2941 1540 3000 Ἰ
1592 2943 1714 3004 gihardun
1755 2941 1790 2992 ’ila
1809 2949 1869 2992 tenu
1910 2959 2046 3003 onguunun
2096 2943 2209 3006 vrahiga
2250 2949 2278 2994 ol

277 3079 278 3084 ,
346 3045 408 3085 non
435 3034 480 3086 est
507 3045 610 3086 meum
678 3023 752 3088 dore
805 3024 891 3088 uobis
926 3023 980 3087 sed
1024 3024 1134 3109 quibus
1162 3032 1302 3108 paratum
1330 3033 1383 3086 est.
1427 3023 1477 3084 41.
1497 3019 1540 3084 Et
1565 3022 1722 3086 audientes
1751 3023 1857 3086 decem
1884 3034 2051 3110 coeperunt
2076 3023 2208 3108 idignari
2236 3023 2275 3087 de

388 3161 429 3207 iac
487 3158 504 3220 Ἰ
576 3161 617 3210 ioh
764 3161 797 3210 iio
813 3162 859 3208 hai
879 3161 1012 3208 uutudiice
1048 3161 1133 3220 ceigde
1169 3161 1214 3208 hiae
1232 3159 1309 3208 cwaeh
1336 3165 1362 3206 to
1372 3159 1423 3206 him
1447 3165 1565 3218 wutasge
1583 3158 1676 3208 lorbon
1696 3158 1743 3208 ’eas
1764 3159 1844 3209 ’tabe
1861 3160 2273 3236 giaeganebia’hfhieaidordom

347 3238 460 3303 Iacobo
484 3251 514 3303 et
534 3239 661 3304 Ioanne.
694 3243 743 3304 42.
766 3240 855 3304 lesus
896 3251 997 3303 autem
1025 3261 1138 3304 uocaus
1160 3261 1212 3303 eos
1243 3241 1285 3302 ait
1360 3236 1420 3300 illis
1469 3239 1552 3303 scitis
1605 3240 1677 3325 quia
1715 3239 1747 3303 hi
1783 3242 1836 3326 qui
1891 3241 2034 3305 uidentur
2088 3242 2254 3330 principari

361 3358 480 3426 hainam
548 3378 672 3438 giwaeldas
723 3374 907 3436 hemihim]
954 3377 1080 3424 aldormen
1134 3378 1203 3424 hiera
1290 3377 1377 3424 mahte
1446 3375 1548 3426 habba'i
1583 3375 1718 3425 hiulcam
1865 3391 1896 3425 ne
1932 3378 2063 3428 seuleus
2100 3381 2122 3427 is
2141 3379 2274 3428 wutudlice

349 3456 493 3542 gentibus
514 3455 711 3520 dominantur
775 3457 817 3520 eis
889 3467 919 3519 et
940 3456 1092 3543 principes
1115 3477 1222 3520 eorum
1240 3465 1420 3543 potestatem
1443 3457 1557 3520 liabent
1578 3455 1725 3542 ipsorum.
1766 3456 1817 3519 43.
1838 3455 1911 3521 Non
1982 3458 2032 3520 ita'
2086 3469 2132 3523 est
2153 3471 2254 3523 autem

351 3595 376 3641 in
432 3596 478 3641 low
541 3595 570 3641 alr
625 3594 797 3641 rwahwaswa
867 3594 936 3642 welle
990 3608 1055 3641 wosa
1073 3594 1225 3641 marathona
1248 3593 1297 3642 hie
1357 3594 1432 3641 lower
1468 3592 1764 3653 heralsicllembihtmon
1891 3591 1907 3654 Ἰ
1950 3596 2122 3645 swahwaswa
2165 3599 2235 3646 welle

290 3673 328 3736 15
351 3673 380 3735 in
411 3671 497 3736 uobis
525 3671 579 3735 sed
619 3674 795 3758 quicunque
829 3675 962 3738 uoluerit
989 3674 1055 3736 lieri
1098 3673 1197 3736 maior
1239 3673 1295 3736 erit
1337 3683 1439 3736 uester·
1549 3673 1697 3736 minister.
1799 3674 1850 3736 44.
1873 3672 1915 3737 Et
1942 3675 2117 3762 quicunque
2144 3678 2276 3743 uoluerit

348 3831 374 3875 in
420 3827 465 3874 iou
501 3826 732 3876 eristlloertimest
754 3840 820 3874 erosa
848 3827 896 3876 hi’o
908 3827 942 3878 ’oe
1002 3829 1052 3875 alra
1121 3825 1272 3876 ³itellesne
1367 3823 1502 3884 loriion]
1545 3838 1611 3872 sunu
1654 3839 1756 3874 mounes
1807 3841 1839 3876 ne
1899 3841 1954 3876 com
1990 3827 2042 3904 pte
2100 3831 2233 3891 giembihte

351 3907 382 3968 in
405 3905 492 3969 uobis
561 3907 677 3992 primus
747 3928 813 3970 esse
862 3907 919 3970 erit
960 3907 1097 3970 omnium
1139 3927 1256 3970 seruus.
1299 3907 1348 3970 45.
1370 3905 1452 3970 Nam
1480 3915 1510 3968 et
1537 3904 1618 3968 filius
1646 3904 1777 3968 hominis
1798 3928 1862 3970 non
1888 3909 1973 3971 uenit
2001 3919 2033 3973 ut
2053 3909 2277 3974 ministraretur

357 4060 409 4107 him
436 4059 467 4107 ah
493 4057 544 4133 *lite
561 4059 868 4120 giemhihtadeo’drum]
905 4061 973 4110 salde
1026 4063 1099 4109 saule
1186 4063 1224 4110 his
1327 4061 1433 4109 leonissa
1534 4062 1585 4107 lore
1603 4061 1732 4120 monigum
1868 4058 1883 4120 1
1931 4075 2019 4110 eomun
2067 4069 2093 4112 lo
2104 4064 2214 4112 hiericho
2249 4061 2264 4123 Ἰ

362 4140 388 4204 ei
416 4140 470 4204 sed
497 4149 530 4202 ut
592 4139 777 4203 ministraret
839 4151 868 4204 et
890 4141 978 4205 daret
999 4143 1132 4204 animam
1154 4162 1241 4204 suam
1262 4139 1507 4226 redemptionem
1528 4160 1584 4224 pro
1606 4138 1719 4201 multis
1777 4139 1828 4202 46.
1851 4138 1892 4203 Et
1913 4143 2042 4205 ueniunt
2082 4142 2204 4208 Iericho
2248 4153 2277 4206 et

349 4291 544 4354 mi’d’hyloerde
561 4293 606 4339 hirc
633 4291 659 4339 in
699 4292 734 4341 ’da
777 4294 858 4354 burug
909 4290 925 4351 Ἰ
993 4295 1088 4355 ’leguas
1147 4294 1185 4342 his
1225 4291 1317 4352 jmi'o
1334 4293 1485 4354 monigiaido
1538 4305 1626 4353 mengu
1723 4307 1787 4341 sunu
1835 4295 1923 4342 timeas
2038 4297 2102 4344 barti
2188 4297 2259 4345 blind

379 4372 592 4458 proficiscente
633 4393 668 4434 eo
698 4371 735 4435 de
757 4370 879 4437 Iericho
909 4382 939 4436 et
960 4373 1115 4459 discipulis
1137 4373 1201 4437 eius
1223 4383 1253 4436 et
1311 4372 1444 4459 plurima
1490 4370 1690 4454 multitudine
1711 4371 1791 4434 filius
1813 4371 1932 4436 Timaei
1954 4371 2146 4440 Bartimaeus
2169 4397 2277 4440 caecus

367 4527 446 4588 gisett
491 4526 600 4575 nehiaet
623 4540 704 4584 noega
773 4525 875 4584 giornde
1054 4525 1115 4575 sebe
1144 4526 1240 4586 mieey
1281 4525 1382 4588 giherdo
1418 4525 1495 4576 ’detta
1531 4523 1621 4573 sohar
1670 4527 1827 4574 nazarenisca
1869 4541 1924 4575 waes
1963 4540 2043 4586 engen
2097 4529 2205 4592 eliopiga
2248 4527 2264 4590 Ἰ

353 4606 479 4670 sedebat
508 4605 595 4714 iuxtq
626 4605 708 4667 uiam
741 4605 927 4668 mendicans.
978 4608 1028 4668 47.
1058 4605 1120 4684 Qui
1155 4629 1224 4670 eum
1262 4607 1395 4670 audisset
1423 4606 1495 4691 quia
1535 4603 1622 4668 Iesus
1659 4603 1838 4669 Nazarenus
1875 4619 1921 4670 est
1954 4609 2054 4694 eoepit
2086 4607 2220 4672 clamare
2248 4621 2277 4673 et

350 4759 453 4808 cweoba
488 4771 553 4806 sunu
582 4757 691 4807 danicos
711 4759 805 4806 haelend
849 4761 951 4819 gemilsa
1019 4775 1057 4807 me
1143 4733 1146 4757 Ι
1202 4758 1219 4820 1
1283 4761 1379 4822 mih’oy
1400 4761 1514 4808 stiordun
1555 4759 1606 4806 him
1626 4757 1771 4819 ’diomengo
1789 4757 1840 4833 *fite
1873 4760 1980 4820 swigede
2021 4761 2071 4810 soh
2111 4761 2141 4807 he
2190 4762 2263 4810 micio

290 4840 331 4904 20
353 4838 454 4901 dicere
497 4838 541 4900 fili
584 4838 688 4902 David
724 4839 795 4902 Iesu
834 4839 978 4902 miserere
1009 4840 1078 4903 mei.
1121 4841 1171 4902 48.
1194 4839 1235 4903 Et
1263 4841 1527 4904 comminabantur
1569 4840 1596 4903 ei
1654 4836 1742 4900 multi
1798 4849 1832 4900 ut
1867 4847 1991 4902 iaceret.
2031 4849 2062 4902 at
2100 4838 2153 4903 ille
2180 4841 2277 4905 multo

351 4991 445 5041 swiiior
504 4991 618 5052 cliopade
658 5005 722 5040 sunu
747 4991 854 5040 danicos
923 4994 995 5041 milsa
1082 5009 1120 5044 me
1286 4991 1302 5052 Ἰ
1356 4994 1440 5055 gistod
1478 4993 1571 5042 belrai
1641 4991 1724 5052 giheht
1827 4993 1885 5040 hine
1959 5007 2017 5052 rega
2109 4990 2125 5053 Ἰ
2171 4995 2276 5055 ceigdun

352 5073 450 5156 magis
487 5070 637 5150 clamabat
665 5070 709 5134 iili
748 5070 853 5135 Dauid
888 5073 1033 5137 miserere
1066 5073 1134 5136 mei.
1193 5073 1242 5136 49.
1279 5071 1320 5135 Et
1360 5083 1442 5134 stans
1484 5071 1572 5136 lesus
1612 5071 1767 5157 praecepit
1806 5071 1894 5136 illum
1936 5073 2049 5136 uocari.
2100 5083 2131 5137 et
2167 5087 2279 5138 uocant

352 5224 585 5275 'donal'hablindu
608 5223 743 5272 evehenda
772 5225 823 5272 him
893 5225 1016 5286 glaedmod
1090 5226 1185 5275 ireseu
1229 5227 1278 5274 aris
1339 5228 1408 5286 ceiga
1444 5225 1492 5275 ’bec
1604 5224 1666 5273 seeo
1693 5229 1813 5290 forworpe
1875 5228 1972 5288 giwedo
2059 5229 2097 5274 hie
2129 5229 2279 5289 giswigende

411 5326 535 5372 caecum
608 5303 742 5368 dicentes
784 5304 811 5368 ei
853 5305 1065 5390 animaequior
1107 5317 1171 5367 esto
1203 5327 1296 5390 surge
1329 5314 1419 5369 uocat
1447 5315 1485 5367 te.
1528 5304 1578 5366 50.
1602 5301 1665 5381 Qui
1685 5305 1819 5389 proiecto
1843 5307 2023 5370 uestimento
2051 5328 2107 5370 suo
2140 5307 2270 5370 exiliens
