<?xml version="1.0" encoding="UTF-8"?>
<!DOCTYPE html PUBLIC "-//W3C//DTD XHTML 1.0 Transitional//EN"
    "http://www.w3.org/TR/xhtml1/DTD/xhtml1-transitional.dtd">
<html xmlns="http://www.w3.org/1999/xhtml" xml:lang="en" lang="en">
 <head>
  <title>
</title>
<meta http-equiv="Content-Type" content="text/html;charset=utf-8" />
  <meta name='ocr-system' content='tesseract 3.04.00' />
  <meta name='ocr-capabilities' content='ocr_page ocr_carea ocr_par ocr_line ocrx_word'/>
</head>
<body>
  <div class='ocr_page' id='page_1' title='image "./screadungaanglo02boutgoog_0066.png"; bbox 0 0 4980 6304; ppageno 0'>
   <div class='ocr_carea' id='block_1_1' title="bbox 1139 366 1389 440">
    <p class='ocr_par' dir='ltr' id='par_1_1' title="bbox 1139 366 1389 440">
     <span class='ocr_line' id='line_1_1' title="bbox 1139 366 1389 440; baseline 0 -24"><span class='ocrx_word' id='word_1_1' title='bbox 1139 366 1389 440; x_wconf 31' lang='lat' dir='ltr'>..56ss</span> 
     </span>
    </p>
   </div>
   <div class='ocr_carea' id='block_1_2' title="bbox 328 562 2260 727">
    <p class='ocr_par' dir='ltr' id='par_1_2' title="bbox 328 562 2260 727">
     <span class='ocr_line' id='line_1_2' title="bbox 366 562 2259 623; baseline 0 -10"><span class='ocrx_word' id='word_1_2' title='bbox 366 566 412 613; x_wconf 83' lang='lat' dir='ltr'><strong>ssd</strong></span> <span class='ocrx_word' id='word_1_3' title='bbox 463 565 504 614; x_wconf 82' lang='lat' dir='ltr'><strong>hio</strong></span> <span class='ocrx_word' id='word_1_4' title='bbox 523 565 641 614; x_wconf 78' lang='lat' dir='ltr'><strong>letemest</strong></span> <span class='ocrx_word' id='word_1_5' title='bbox 711 566 762 614; x_wconf 79' lang='lat' dir='ltr'><strong>alra</strong></span> <span class='ocrx_word' id='word_1_6' title='bbox 865 565 928 614; x_wconf 78' lang='lat' dir='ltr'><strong>deod</strong></span> <span class='ocrx_word' id='word_1_7' title='bbox 989 578 1044 614; x_wconf 74' lang='lat' dir='ltr'><strong>vies</strong></span> <span class='ocrx_word' id='word_1_8' title='bbox 1119 563 1172 614; x_wconf 74' lang='lat' dir='ltr'><strong>’ent</strong></span> <span class='ocrx_word' id='word_1_9' title='bbox 1191 565 1234 612; x_wconf 82' lang='lat' dir='ltr'><strong>wii</strong></span> <span class='ocrx_word' id='word_1_10' title='bbox 1357 566 1382 612; x_wconf 89' lang='lat' dir='ltr'><strong>in</strong></span> <span class='ocrx_word' id='word_1_11' title='bbox 1487 565 1560 612; x_wconf 83' lang='lat' dir='ltr'><strong>ariste</strong></span> <span class='ocrx_word' id='word_1_12' title='bbox 1663 562 1755 612; x_wconf 70' lang='lat' dir='ltr'><strong>torhon</strong></span> <span class='ocrx_word' id='word_1_13' title='bbox 1804 562 1900 623; x_wconf 70' lang='lat' dir='ltr'><strong>mresy</strong></span> <span class='ocrx_word' id='word_1_14' title='bbox 1986 562 2072 613; x_wconf 57' lang='lat' dir='ltr'><strong>arisae</strong></span> <span class='ocrx_word' id='word_1_15' title='bbox 2187 565 2259 614; x_wconf 69' lang='lat' dir='ltr'><strong>hves</strong></span> 
     </span>
     <span class='ocr_line' id='line_1_3' title="bbox 328 643 2260 727; baseline 0.001 -21"><span class='ocrx_word' id='word_1_16' title='bbox 328 663 444 708; x_wconf 89' lang='lat' dir='ltr'><strong>semen.</strong></span> <span class='ocrx_word' id='word_1_17' title='bbox 471 643 638 708; x_wconf 87' lang='lat' dir='ltr'><strong>nouissima</strong></span> <span class='ocrx_word' id='word_1_18' title='bbox 668 645 804 709; x_wconf 90' lang='lat' dir='ltr'><strong>omnium</strong></span> <span class='ocrx_word' id='word_1_19' title='bbox 825 643 968 708; x_wconf 83' lang='lat' dir='ltr'><strong>defuncta</strong></span> <span class='ocrx_word' id='word_1_20' title='bbox 996 653 1041 708; x_wconf 87' lang='lat' dir='ltr'><strong>est</strong></span> <span class='ocrx_word' id='word_1_21' title='bbox 1063 653 1094 708; x_wconf 91' lang='lat' dir='ltr'><strong>et</strong></span> <span class='ocrx_word' id='word_1_22' title='bbox 1114 644 1234 709; x_wconf 87' lang='lat' dir='ltr'><strong>mulier.</strong></span> <span class='ocrx_word' id='word_1_23' title='bbox 1277 644 1327 707; x_wconf 86' lang='grc'><strong>23.</strong></span> <span class='ocrx_word' id='word_1_24' title='bbox 1349 650 1385 708; x_wconf 93' lang='lat' dir='ltr'><strong>In</strong></span> <span class='ocrx_word' id='word_1_25' title='bbox 1414 643 1640 708; x_wconf 87' lang='lat' dir='ltr'><strong>resurrectione</strong></span> <span class='ocrx_word' id='word_1_26' title='bbox 1673 665 1749 727; x_wconf 86' lang='lat' dir='ltr'><strong>ergo</strong></span> <span class='ocrx_word' id='word_1_27' title='bbox 1811 664 1881 706; x_wconf 90' lang='lat' dir='ltr'><strong>oum</strong></span> <span class='ocrx_word' id='word_1_28' title='bbox 1921 643 2147 708; x_wconf 82' lang='lat' dir='ltr'><strong>resurrexerint</strong></span> <span class='ocrx_word' id='word_1_29' title='bbox 2174 645 2260 709; x_wconf 90' lang='lat' dir='ltr'><strong>cuius</strong></span> 
     </span>
    </p>
   </div>
   <div class='ocr_carea' id='block_1_3' title="bbox 328 776 2260 947">
    <p class='ocr_par' dir='ltr' id='par_1_3' title="bbox 328 776 2260 947">
     <span class='ocr_line' id='line_1_4' title="bbox 335 776 2260 840; baseline 0.003 -13"><span class='ocrx_word' id='word_1_30' title='bbox 335 783 362 827; x_wconf 83' lang='lat' dir='ltr'><strong>oi</strong></span> <span class='ocrx_word' id='word_1_31' title='bbox 404 779 470 829; x_wconf 76' lang='lat' dir='ltr'><strong>’oaem</strong></span> <span class='ocrx_word' id='word_1_32' title='bbox 512 780 561 830; x_wconf 71' lang='lat' dir='ltr'><strong>hi’o</strong></span> <span class='ocrx_word' id='word_1_33' title='bbox 605 779 658 830; x_wconf 73' lang='lat' dir='ltr'><strong>&#39;bnt</strong></span> <span class='ocrx_word' id='word_1_34' title='bbox 675 783 719 829; x_wconf 78' lang='lat' dir='ltr'><strong>wit</strong></span> <span class='ocrx_word' id='word_1_35' title='bbox 765 784 862 830; x_wconf 87' lang='lat' dir='ltr'><strong>sicinus</strong></span> <span class='ocrx_word' id='word_1_36' title='bbox 912 782 1006 831; x_wconf 71' lang='lat' dir='ltr'><strong>iorhon</strong></span> <span class='ocrx_word' id='word_1_37' title='bbox 1075 782 1173 831; x_wconf 80' lang='lat' dir='ltr'><strong>haeidnu</strong></span> <span class='ocrx_word' id='word_1_38' title='bbox 1232 780 1285 832; x_wconf 72' lang='lat' dir='ltr'><strong>’det</strong></span> <span class='ocrx_word' id='word_1_39' title='bbox 1301 781 1348 829; x_wconf 86' lang='lat' dir='ltr'><strong>iles</strong></span> <span class='ocrx_word' id='word_1_40' title='bbox 1417 779 1463 828; x_wconf 77' lang='lat' dir='ltr'><strong>wil</strong></span> <span class='ocrx_word' id='word_1_41' title='bbox 1653 776 1670 838; x_wconf 67' lang='grc' dir='ltr'><strong><em>Ἰ</em></strong></span> <span class='ocrx_word' id='word_1_42' title='bbox 1723 779 1883 840; x_wconf 76' lang='lat' dir='ltr'><strong>giondworde</strong></span> <span class='ocrx_word' id='word_1_43' title='bbox 1918 779 2014 829; x_wconf 70' lang='lat' dir='ltr'><strong>&#39;hehel</strong></span> <span class='ocrx_word' id='word_1_44' title='bbox 2049 780 2128 831; x_wconf 71' lang='lat' dir='ltr'><strong>cwe’o</strong></span> <span class='ocrx_word' id='word_1_45' title='bbox 2162 787 2188 830; x_wconf 88' lang='lat' dir='ltr'><strong>to</strong></span> <span class='ocrx_word' id='word_1_46' title='bbox 2208 783 2260 832; x_wconf 85' lang='lat' dir='ltr'><strong>blm</strong></span> 
     </span>
     <span class='ocr_line' id='line_1_5' title="bbox 328 857 2239 947; baseline 0.001 -25"><span class='ocrx_word' id='word_1_47' title='bbox 328 859 368 923; x_wconf 93' lang='lat' dir='ltr'><strong>de</strong></span> <span class='ocrx_word' id='word_1_48' title='bbox 411 859 459 922; x_wconf 92' lang='lat' dir='ltr'><strong>his</strong></span> <span class='ocrx_word' id='word_1_49' title='bbox 505 862 562 924; x_wconf 89' lang='lat' dir='ltr'><strong>erit</strong></span> <span class='ocrx_word' id='word_1_50' title='bbox 606 860 710 924; x_wconf 82' lang='lat' dir='ltr'><strong>uxor?</strong></span> <span class='ocrx_word' id='word_1_51' title='bbox 752 871 866 947; x_wconf 80' lang='lat' dir='ltr'><strong>septem</strong></span> <span class='ocrx_word' id='word_1_52' title='bbox 917 861 999 926; x_wconf 90' lang='lat' dir='ltr'><strong>enim</strong></span> <span class='ocrx_word' id='word_1_53' title='bbox 1038 858 1212 922; x_wconf 87' lang='lat' dir='ltr'><strong>habuerunt</strong></span> <span class='ocrx_word' id='word_1_54' title='bbox 1260 881 1329 923; x_wconf 87' lang='lat' dir='ltr'><strong>enm</strong></span> <span class='ocrx_word' id='word_1_55' title='bbox 1370 879 1509 922; x_wconf 87' lang='lat' dir='ltr'><strong>uxorem.</strong></span> <span class='ocrx_word' id='word_1_56' title='bbox 1564 858 1613 921; x_wconf 84' lang='grc'><strong>24.</strong></span> <span class='ocrx_word' id='word_1_57' title='bbox 1635 857 1677 923; x_wconf 86' lang='lat' dir='ltr'><strong>Et</strong></span> <span class='ocrx_word' id='word_1_58' title='bbox 1704 859 1895 945; x_wconf 91' lang='lat' dir='ltr'><strong>respondens</strong></span> <span class='ocrx_word' id='word_1_59' title='bbox 1922 857 2009 922; x_wconf 89' lang='lat' dir='ltr'><strong>Iesus</strong></span> <span class='ocrx_word' id='word_1_60' title='bbox 2071 861 2114 923; x_wconf 89' lang='lat' dir='ltr'><strong>ait</strong></span> <span class='ocrx_word' id='word_1_61' title='bbox 2178 860 2239 924; x_wconf 88' lang='lat' dir='ltr'><strong>illis</strong></span> 
     </span>
    </p>
   </div>
   <div class='ocr_carea' id='block_1_4' title="bbox 328 994 2258 1161">
    <p class='ocr_par' dir='ltr' id='par_1_4' title="bbox 328 994 2258 1161">
     <span class='ocr_line' id='line_1_6' title="bbox 369 994 2240 1060; baseline 0.001 -16"><span class='ocrx_word' id='word_1_62' title='bbox 369 1011 400 1045; x_wconf 87' lang='lat' dir='ltr'><strong>ne</strong></span> <span class='ocrx_word' id='word_1_63' title='bbox 452 996 546 1046; x_wconf 76' lang='lat' dir='ltr'><strong>ior&#39;ocn</strong></span> <span class='ocrx_word' id='word_1_64' title='bbox 579 1011 608 1058; x_wconf 78' lang='lat' dir='ltr'><strong>gs</strong></span> <span class='ocrx_word' id='word_1_65' title='bbox 627 996 745 1060; x_wconf 81' lang='lat' dir='ltr'><strong>dwoligas</strong></span> <span class='ocrx_word' id='word_1_66' title='bbox 780 1013 811 1047; x_wconf 85' lang='lat' dir='ltr'><strong>ns</strong></span> <span class='ocrx_word' id='word_1_67' title='bbox 853 999 930 1048; x_wconf 83' lang='lat' dir='ltr'><strong>witun</strong></span> <span class='ocrx_word' id='word_1_68' title='bbox 948 1011 978 1060; x_wconf 82' lang='lat' dir='ltr'><strong>ge</strong></span> <span class='ocrx_word' id='word_1_69' title='bbox 1025 997 1138 1058; x_wconf 82' lang='lat' dir='ltr'><strong>giwriotu</strong></span> <span class='ocrx_word' id='word_1_70' title='bbox 1224 1010 1256 1046; x_wconf 89' lang='lat' dir='ltr'><strong>ns</strong></span> <span class='ocrx_word' id='word_1_71' title='bbox 1307 997 1395 1044; x_wconf 81' lang='lat' dir='ltr'><strong>mehte</strong></span> <span class='ocrx_word' id='word_1_72' title='bbox 1412 995 1424 1043; x_wconf 76' lang='lat' dir='ltr'><strong>i</strong></span> <span class='ocrx_word' id='word_1_73' title='bbox 1441 1007 1535 1056; x_wconf 77' lang='lat' dir='ltr'><strong>mugen</strong></span> <span class='ocrx_word' id='word_1_74' title='bbox 1569 995 1645 1056; x_wconf 83' lang='lat' dir='ltr'><strong>godes</strong></span> <span class='ocrx_word' id='word_1_75' title='bbox 1775 994 1871 1056; x_wconf 69' lang='lat' dir='ltr'><strong>mieey</strong></span> <span class='ocrx_word' id='word_1_76' title='bbox 1907 996 2002 1045; x_wconf 66' lang='lat' dir='ltr'><strong>fortun</strong></span> <span class='ocrx_word' id='word_1_77' title='bbox 2036 999 2100 1046; x_wconf 81' lang='lat' dir='ltr'><strong>from</strong></span> <span class='ocrx_word' id='word_1_78' title='bbox 2158 995 2240 1049; x_wconf 71' lang='lat' dir='ltr'><strong>doubs</strong></span> 
     </span>
     <span class='ocr_line' id='line_1_7' title="bbox 328 1071 2258 1161; baseline 0.001 -22"><span class='ocrx_word' id='word_1_79' title='bbox 328 1096 432 1139; x_wconf 90' lang='lat' dir='ltr'><strong>nonne</strong></span> <span class='ocrx_word' id='word_1_80' title='bbox 463 1076 532 1139; x_wconf 90' lang='lat' dir='ltr'><strong>ideo</strong></span> <span class='ocrx_word' id='word_1_81' title='bbox 605 1076 713 1139; x_wconf 86' lang='lat' dir='ltr'><strong>erratis</strong></span> <span class='ocrx_word' id='word_1_82' title='bbox 763 1099 824 1139; x_wconf 91' lang='lat' dir='ltr'><strong>non</strong></span> <span class='ocrx_word' id='word_1_83' title='bbox 848 1077 976 1141; x_wconf 85' lang='lat' dir='ltr'><strong>seientes</strong></span> <span class='ocrx_word' id='word_1_84' title='bbox 998 1076 1163 1161; x_wconf 85' lang='lat' dir='ltr'><strong>scripturas</strong></span> <span class='ocrx_word' id='word_1_85' title='bbox 1185 1097 1286 1161; x_wconf 88' lang='lat' dir='ltr'><strong>neque</strong></span> <span class='ocrx_word' id='word_1_86' title='bbox 1347 1075 1492 1140; x_wconf 86' lang='lat' dir='ltr'><strong>uirtutem</strong></span> <span class='ocrx_word' id='word_1_87' title='bbox 1568 1073 1652 1138; x_wconf 82' lang='lat' dir='ltr'><strong>Dei?</strong></span> <span class='ocrx_word' id='word_1_88' title='bbox 1694 1075 1744 1138; x_wconf 83' lang='grc'><strong>25.</strong></span> <span class='ocrx_word' id='word_1_89' title='bbox 1777 1071 1859 1140; x_wconf 84' lang='lat' dir='ltr'><strong>Cum</strong></span> <span class='ocrx_word' id='word_1_90' title='bbox 1911 1075 1993 1139; x_wconf 91' lang='lat' dir='ltr'><strong>enim</strong></span> <span class='ocrx_word' id='word_1_91' title='bbox 2061 1099 2080 1138; x_wconf 90' lang='lat' dir='ltr'><strong>a</strong></span> <span class='ocrx_word' id='word_1_92' title='bbox 2131 1077 2258 1142; x_wconf 84' lang='lat' dir='ltr'><strong>mortuis</strong></span> 
     </span>
    </p>
   </div>
   <div class='ocr_carea' id='block_1_5' title="bbox 326 1210 2261 1377">
    <p class='ocr_par' dir='ltr' id='par_1_5' title="bbox 326 1210 2261 1377">
     <span class='ocr_line' id='line_1_8' title="bbox 402 1210 2261 1274; baseline 0.001 -13"><span class='ocrx_word' id='word_1_93' title='bbox 402 1213 487 1262; x_wconf 59' lang='lat' dir='ltr'><strong>arisae</strong></span> <span class='ocrx_word' id='word_1_94' title='bbox 614 1227 645 1260; x_wconf 89' lang='lat' dir='ltr'><strong>us</strong></span> <span class='ocrx_word' id='word_1_95' title='bbox 699 1213 745 1262; x_wconf 76' lang='lat' dir='ltr'><strong>hin</strong></span> <span class='ocrx_word' id='word_1_96' title='bbox 763 1213 945 1274; x_wconf 71' lang='lat' dir='ltr'><strong>mensnmigab</strong></span> <span class='ocrx_word' id='word_1_97' title='bbox 1014 1227 1045 1262; x_wconf 86' lang='lat' dir='ltr'><strong>uo</strong></span> <span class='ocrx_word' id='word_1_98' title='bbox 1098 1214 1136 1260; x_wconf 90' lang='lat' dir='ltr'><strong>hie</strong></span> <span class='ocrx_word' id='word_1_99' title='bbox 1155 1212 1254 1262; x_wconf 71' lang='lat' dir='ltr'><strong>bio&#39;oun</strong></span> <span class='ocrx_word' id='word_1_100' title='bbox 1274 1213 1452 1274; x_wconf 76' lang='lat' dir='ltr'><strong>gimnnsnmad</strong></span> <span class='ocrx_word' id='word_1_101' title='bbox 1486 1211 1516 1258; x_wconf 82' lang='lat' dir='ltr'><strong>nh</strong></span> <span class='ocrx_word' id='word_1_102' title='bbox 1557 1210 1655 1260; x_wconf 71' lang='lat' dir='ltr'><strong>hiobon</strong></span> <span class='ocrx_word' id='word_1_103' title='bbox 1691 1225 1742 1260; x_wconf 80' lang='lat' dir='ltr'><strong>swa</strong></span> <span class='ocrx_word' id='word_1_104' title='bbox 1793 1213 1876 1270; x_wconf 74' lang='lat' dir='ltr'><strong>angles</strong></span> <span class='ocrx_word' id='word_1_105' title='bbox 1918 1225 1951 1260; x_wconf 89' lang='lat' dir='ltr'><strong>on</strong></span> <span class='ocrx_word' id='word_1_106' title='bbox 1985 1212 2077 1261; x_wconf 82' lang='lat' dir='ltr'><strong>heolnh</strong></span> <span class='ocrx_word' id='word_1_107' title='bbox 2233 1217 2261 1263; x_wconf 86' lang='lat' dir='ltr'><strong>oi</strong></span> 
     </span>
     <span class='ocr_line' id='line_1_9' title="bbox 326 1289 2258 1377; baseline 0.001 -21"><span class='ocrx_word' id='word_1_108' title='bbox 326 1292 551 1357; x_wconf 77' lang='lat' dir='ltr'><strong>resurrexerint</strong></span> <span class='ocrx_word' id='word_1_109' title='bbox 571 1313 672 1377; x_wconf 90' lang='lat' dir='ltr'><strong>neque</strong></span> <span class='ocrx_word' id='word_1_110' title='bbox 769 1293 886 1356; x_wconf 90' lang='lat' dir='ltr'><strong>nubent</strong></span> <span class='ocrx_word' id='word_1_111' title='bbox 968 1313 1069 1376; x_wconf 89' lang='lat' dir='ltr'><strong>neque</strong></span> <span class='ocrx_word' id='word_1_112' title='bbox 1195 1292 1349 1355; x_wconf 81' lang='lat' dir='ltr'><strong>nubentur</strong></span> <span class='ocrx_word' id='word_1_113' title='bbox 1479 1289 1534 1354; x_wconf 89' lang='lat' dir='ltr'><strong>sed</strong></span> <span class='ocrx_word' id='word_1_114' title='bbox 1572 1299 1643 1354; x_wconf 90' lang='lat' dir='ltr'><strong>sunt</strong></span> <span class='ocrx_word' id='word_1_115' title='bbox 1681 1291 1759 1354; x_wconf 87' lang='lat' dir='ltr'><strong>sicut</strong></span> <span class='ocrx_word' id='word_1_116' title='bbox 1791 1289 1894 1375; x_wconf 83' lang='lat' dir='ltr'><strong>angeli</strong></span> <span class='ocrx_word' id='word_1_117' title='bbox 1921 1291 1953 1353; x_wconf 93' lang='lat' dir='ltr'><strong>in</strong></span> <span class='ocrx_word' id='word_1_118' title='bbox 1979 1291 2081 1356; x_wconf 88' lang='lat' dir='ltr'><strong>coelis.</strong></span> <span class='ocrx_word' id='word_1_119' title='bbox 2129 1292 2178 1356; x_wconf 87' lang='grc'><strong>26.</strong></span> <span class='ocrx_word' id='word_1_120' title='bbox 2208 1292 2258 1357; x_wconf 90' lang='lat' dir='ltr'><strong>De</strong></span> 
     </span>
    </p>
   </div>
   <div class='ocr_carea' id='block_1_6' title="bbox 287 1417 2257 1594">
    <p class='ocr_par' dir='ltr' id='par_1_6' title="bbox 287 1417 2257 1594">
     <span class='ocr_line' id='line_1_10' title="bbox 350 1417 2257 1504; baseline -0.001 -25"><span class='ocrx_word' id='word_1_121' title='bbox 350 1427 434 1479; x_wconf 69' lang='lat' dir='ltr'><strong>decha</strong></span> <span class='ocrx_word' id='word_1_122' title='bbox 478 1429 576 1478; x_wconf 81' lang='lat' dir='ltr'><strong>wntndi</strong></span> <span class='ocrx_word' id='word_1_123' title='bbox 613 1427 665 1504; x_wconf 62' lang='lat' dir='ltr'><strong>&#39;Ista</strong></span> <span class='ocrx_word' id='word_1_124' title='bbox 743 1430 829 1480; x_wconf 82' lang='lat' dir='ltr'><strong>arisa’6</strong></span> <span class='ocrx_word' id='word_1_125' title='bbox 907 1443 938 1478; x_wconf 85' lang='lat' dir='ltr'><strong>ne</strong></span> <span class='ocrx_word' id='word_1_126' title='bbox 972 1428 1105 1478; x_wconf 87' lang='lat' dir='ltr'><strong>liornadun</strong></span> <span class='ocrx_word' id='word_1_127' title='bbox 1122 1443 1151 1490; x_wconf 79' lang='lat' dir='ltr'><strong>ge</strong></span> <span class='ocrx_word' id='word_1_128' title='bbox 1194 1443 1225 1478; x_wconf 91' lang='lat' dir='ltr'><strong>on</strong></span> <span class='ocrx_word' id='word_1_129' title='bbox 1261 1429 1349 1476; x_wconf 89' lang='lat' dir='ltr'><strong>bocum</strong></span> <span class='ocrx_word' id='word_1_130' title='bbox 1389 1442 1487 1489; x_wconf 80' lang='lat' dir='ltr'><strong>moyses</strong></span> <span class='ocrx_word' id='word_1_131' title='bbox 1522 1417 1552 1476; x_wconf 77' lang='lat' dir='ltr'><strong>ol</strong></span> <span class='ocrx_word' id='word_1_132' title='bbox 1565 1429 1577 1475; x_wconf 83' lang='lat' dir='ltr'><strong>i</strong></span> <span class='ocrx_word' id='word_1_133' title='bbox 1594 1441 1626 1476; x_wconf 90' lang='lat' dir='ltr'><strong>on</strong></span> <span class='ocrx_word' id='word_1_134' title='bbox 1646 1428 1712 1478; x_wconf 74' lang='lat' dir='ltr'><strong>’hem</strong></span> <span class='ocrx_word' id='word_1_135' title='bbox 1769 1435 1820 1476; x_wconf 80' lang='lat' dir='ltr'><strong>trae</strong></span> <span class='ocrx_word' id='word_1_136' title='bbox 1939 1429 1991 1476; x_wconf 88' lang='lat' dir='ltr'><strong>hnu</strong></span> <span class='ocrx_word' id='word_1_137' title='bbox 2085 1427 2163 1478; x_wconf 71' lang='lat' dir='ltr'><strong>own’d</strong></span> <span class='ocrx_word' id='word_1_138' title='bbox 2206 1431 2257 1478; x_wconf 89' lang='lat' dir='ltr'><strong>him</strong></span> 
     </span>
     <span class='ocr_line' id='line_1_11' title="bbox 287 1507 2257 1594; baseline 0 -22"><span class='ocrx_word' id='word_1_139' title='bbox 287 1509 456 1572; x_wconf 79' lang='lat' dir='ltr'><strong>dmortuis</strong></span> <span class='ocrx_word' id='word_1_140' title='bbox 477 1518 579 1572; x_wconf 82' lang='lat' dir='ltr'><strong>antem</strong></span> <span class='ocrx_word' id='word_1_141' title='bbox 600 1509 684 1594; x_wconf 92' lang='lat' dir='ltr'><strong>quod</strong></span> <span class='ocrx_word' id='word_1_142' title='bbox 705 1519 869 1594; x_wconf 87' lang='lat' dir='ltr'><strong>resurgant</strong></span> <span class='ocrx_word' id='word_1_143' title='bbox 892 1531 954 1573; x_wconf 93' lang='lat' dir='ltr'><strong>non</strong></span> <span class='ocrx_word' id='word_1_144' title='bbox 1009 1508 1125 1594; x_wconf 86' lang='lat' dir='ltr'><strong>legistis</strong></span> <span class='ocrx_word' id='word_1_145' title='bbox 1193 1508 1224 1571; x_wconf 93' lang='lat' dir='ltr'><strong>in</strong></span> <span class='ocrx_word' id='word_1_146' title='bbox 1266 1507 1347 1572; x_wconf 90' lang='lat' dir='ltr'><strong>libro</strong></span> <span class='ocrx_word' id='word_1_147' title='bbox 1379 1507 1482 1594; x_wconf 85' lang='lat' dir='ltr'>Moysi</span> <span class='ocrx_word' id='word_1_148' title='bbox 1586 1529 1680 1594; x_wconf 86' lang='lat' dir='ltr'><strong>super</strong></span> <span class='ocrx_word' id='word_1_149' title='bbox 1731 1508 1843 1572; x_wconf 90' lang='lat' dir='ltr'><strong>rubum</strong></span> <span class='ocrx_word' id='word_1_150' title='bbox 1876 1507 2030 1592; x_wconf 90' lang='lat' dir='ltr'><strong>quomodo</strong></span> <span class='ocrx_word' id='word_1_151' title='bbox 2063 1508 2177 1572; x_wconf 89' lang='lat' dir='ltr'><strong>dixerit</strong></span> <span class='ocrx_word' id='word_1_152' title='bbox 2212 1509 2257 1572; x_wconf 91' lang='lat' dir='ltr'><strong>illi</strong></span> 
     </span>
    </p>
   </div>
   <div class='ocr_carea' id='block_1_7' title="bbox 305 1631 2256 1810">
    <p class='ocr_par' dir='ltr' id='par_1_7' title="bbox 305 1631 2256 1810">
     <span class='ocr_line' id='line_1_12' title="bbox 331 1631 2255 1708; baseline 0.002 -16"><span class='ocrx_word' id='word_1_153' title='bbox 331 1647 378 1706; x_wconf 79' lang='lat' dir='ltr'><strong>god</strong></span> <span class='ocrx_word' id='word_1_154' title='bbox 415 1646 492 1695; x_wconf 72' lang='lat' dir='ltr'><strong>cunii</strong></span> <span class='ocrx_word' id='word_1_155' title='bbox 509 1645 521 1692; x_wconf 80' lang='lat' dir='ltr'><strong>i</strong></span> <span class='ocrx_word' id='word_1_156' title='bbox 537 1645 616 1705; x_wconf 77' lang='lat' dir='ltr'><strong>sngde</strong></span> <span class='ocrx_word' id='word_1_157' title='bbox 661 1647 683 1694; x_wconf 89' lang='lat' dir='ltr'><strong>io</strong></span> <span class='ocrx_word' id='word_1_158' title='bbox 726 1660 766 1693; x_wconf 83' lang='lat' dir='ltr'><strong>am</strong></span> <span class='ocrx_word' id='word_1_159' title='bbox 825 1647 874 1706; x_wconf 79' lang='lat' dir='ltr'><strong>god</strong></span> <span class='ocrx_word' id='word_1_160' title='bbox 926 1644 1066 1694; x_wconf 77' lang='lat' dir='ltr'><strong>abrahamus</strong></span> <span class='ocrx_word' id='word_1_161' title='bbox 1105 1642 1121 1703; x_wconf 68' lang='grc' dir='ltr'><strong><em>Ἰ</em></strong></span> <span class='ocrx_word' id='word_1_162' title='bbox 1167 1646 1217 1708; x_wconf 79' lang='lat' dir='ltr'><strong>god</strong></span> <span class='ocrx_word' id='word_1_163' title='bbox 1267 1648 1344 1695; x_wconf 79' lang='lat' dir='ltr'><strong>isnces</strong></span> <span class='ocrx_word' id='word_1_164' title='bbox 1379 1641 1394 1704; x_wconf 69' lang='grc' dir='ltr'><strong><em>Ἰ</em></strong></span> <span class='ocrx_word' id='word_1_165' title='bbox 1441 1647 1489 1707; x_wconf 83' lang='lat' dir='ltr'><strong>god</strong></span> <span class='ocrx_word' id='word_1_166' title='bbox 1549 1631 1619 1694; x_wconf 79' lang='lat' dir='ltr'><strong>iacob</strong></span> <span class='ocrx_word' id='word_1_167' title='bbox 1789 1657 1820 1692; x_wconf 88' lang='lat' dir='ltr'><strong>ne</strong></span> <span class='ocrx_word' id='word_1_168' title='bbox 1881 1646 1902 1692; x_wconf 86' lang='lat' dir='ltr'><strong>is</strong></span> <span class='ocrx_word' id='word_1_169' title='bbox 1964 1645 2013 1705; x_wconf 78' lang='lat' dir='ltr'><strong>god</strong></span> <span class='ocrx_word' id='word_1_170' title='bbox 2081 1643 2143 1694; x_wconf 76' lang='lat' dir='ltr'><strong>’hara</strong></span> <span class='ocrx_word' id='word_1_171' title='bbox 2161 1645 2255 1696; x_wconf 80' lang='lat' dir='ltr'><strong>deodrn</strong></span> 
     </span>
     <span class='ocr_line' id='line_1_13' title="bbox 305 1721 2256 1810; baseline -0.001 -21"><span class='ocrx_word' id='word_1_172' title='bbox 305 1725 392 1789; x_wconf 90' lang='lat' dir='ltr'><strong>Deus</strong></span> <span class='ocrx_word' id='word_1_173' title='bbox 434 1725 575 1810; x_wconf 86' lang='lat' dir='ltr'><strong>inquiens</strong></span> <span class='ocrx_word' id='word_1_174' title='bbox 637 1745 695 1810; x_wconf 90' lang='lat' dir='ltr'><strong>ego</strong></span> <span class='ocrx_word' id='word_1_175' title='bbox 717 1747 784 1788; x_wconf 91' lang='lat' dir='ltr'><strong>sum</strong></span> <span class='ocrx_word' id='word_1_176' title='bbox 805 1725 892 1788; x_wconf 90' lang='lat' dir='ltr'><strong>Deus</strong></span> <span class='ocrx_word' id='word_1_177' title='bbox 915 1725 1078 1788; x_wconf 86' lang='lat' dir='ltr'><strong>Abraham</strong></span> <span class='ocrx_word' id='word_1_178' title='bbox 1101 1736 1131 1790; x_wconf 91' lang='lat' dir='ltr'><strong>et</strong></span> <span class='ocrx_word' id='word_1_179' title='bbox 1149 1725 1238 1789; x_wconf 89' lang='lat' dir='ltr'><strong>Deus</strong></span> <span class='ocrx_word' id='word_1_180' title='bbox 1258 1725 1346 1788; x_wconf 85' lang='lat' dir='ltr'><strong>Isaac</strong></span> <span class='ocrx_word' id='word_1_181' title='bbox 1369 1735 1398 1789; x_wconf 89' lang='lat' dir='ltr'><strong>et</strong></span> <span class='ocrx_word' id='word_1_182' title='bbox 1418 1724 1505 1788; x_wconf 90' lang='lat' dir='ltr'><strong>Deus</strong></span> <span class='ocrx_word' id='word_1_183' title='bbox 1526 1721 1645 1789; x_wconf 78' lang='lat' dir='ltr'><strong>Iacob?</strong></span> <span class='ocrx_word' id='word_1_184' title='bbox 1688 1723 1739 1788; x_wconf 82' lang='grc'><strong>27.</strong></span> <span class='ocrx_word' id='word_1_185' title='bbox 1766 1721 1839 1787; x_wconf 93' lang='lat' dir='ltr'><strong>Non</strong></span> <span class='ocrx_word' id='word_1_186' title='bbox 1871 1731 1916 1786; x_wconf 89' lang='lat' dir='ltr'><strong>est</strong></span> <span class='ocrx_word' id='word_1_187' title='bbox 1944 1721 2032 1786; x_wconf 88' lang='lat' dir='ltr'><strong>Deus</strong></span> <span class='ocrx_word' id='word_1_188' title='bbox 2062 1733 2256 1788; x_wconf 90' lang='lat' dir='ltr'><strong>mortuorum</strong></span> 
     </span>
    </p>
   </div>
   <div class='ocr_carea' id='block_1_8' title="bbox 329 1859 2255 2026">
    <p class='ocr_par' dir='ltr' id='par_1_8' title="bbox 329 1859 2255 2026">
     <span class='ocr_line' id='line_1_14' title="bbox 339 1859 2255 1924; baseline 0.001 -13"><span class='ocrx_word' id='word_1_189' title='bbox 339 1863 370 1911; x_wconf 78' lang='lat' dir='ltr'><strong>nh</strong></span> <span class='ocrx_word' id='word_1_190' title='bbox 422 1863 543 1921; x_wconf 76' lang='lat' dir='ltr'><strong>liigondra</strong></span> <span class='ocrx_word' id='word_1_191' title='bbox 594 1862 675 1923; x_wconf 78' lang='lat' dir='ltr'><strong>gifge</strong></span> <span class='ocrx_word' id='word_1_192' title='bbox 709 1861 803 1910; x_wconf 77' lang='lat' dir='ltr'><strong>ior’hon</strong></span> <span class='ocrx_word' id='word_1_193' title='bbox 856 1862 938 1912; x_wconf 75' lang='lat' dir='ltr'><strong>swl&#39;oe</strong></span> <span class='ocrx_word' id='word_1_194' title='bbox 991 1863 1135 1923; x_wconf 80' lang='lat' dir='ltr'><strong>gidwoiigas</strong></span> <span class='ocrx_word' id='word_1_195' title='bbox 1297 1859 1312 1920; x_wconf 73' lang='lat'>1</span> <span class='ocrx_word' id='word_1_196' title='bbox 1349 1861 1503 1924; x_wconf 72' lang='lat' dir='ltr'><strong>gineolicrds</strong></span> <span class='ocrx_word' id='word_1_197' title='bbox 1564 1875 1596 1910; x_wconf 84' lang='lat' dir='ltr'><strong>an</strong></span> <span class='ocrx_word' id='word_1_198' title='bbox 1652 1861 1716 1909; x_wconf 87' lang='lat' dir='ltr'><strong>irom</strong></span> <span class='ocrx_word' id='word_1_199' title='bbox 1751 1859 1885 1909; x_wconf 70' lang='lat' dir='ltr'><strong>uhwuturn</strong></span> <span class='ocrx_word' id='word_1_200' title='bbox 1919 1860 1983 1910; x_wconf 69' lang='lat' dir='ltr'><strong>seba</strong></span> <span class='ocrx_word' id='word_1_201' title='bbox 2017 1859 2117 1920; x_wconf 77' lang='lat' dir='ltr'><strong>giherda</strong></span> <span class='ocrx_word' id='word_1_202' title='bbox 2163 1861 2255 1912; x_wconf 68' lang='lat' dir='ltr'><strong>eruco</strong></span> 
     </span>
     <span class='ocr_line' id='line_1_15' title="bbox 329 1938 2245 2026; baseline -0.001 -18"><span class='ocrx_word' id='word_1_203' title='bbox 329 1943 383 2008; x_wconf 90' lang='lat' dir='ltr'><strong>sed</strong></span> <span class='ocrx_word' id='word_1_204' title='bbox 412 1942 561 2006; x_wconf 91' lang='lat' dir='ltr'><strong>uiuorum.</strong></span> <span class='ocrx_word' id='word_1_205' title='bbox 605 1964 660 2005; x_wconf 90' lang='lat' dir='ltr'><strong>nos</strong></span> <span class='ocrx_word' id='word_1_206' title='bbox 713 1963 788 2026; x_wconf 90' lang='lat' dir='ltr'><strong>ergo</strong></span> <span class='ocrx_word' id='word_1_207' title='bbox 832 1941 963 2005; x_wconf 90' lang='lat' dir='ltr'><strong>multum</strong></span> <span class='ocrx_word' id='word_1_208' title='bbox 1005 1942 1122 2005; x_wconf 86' lang='lat' dir='ltr'><strong>erratis.</strong></span> <span class='ocrx_word' id='word_1_209' title='bbox 1196 1942 1245 2006; x_wconf 84' lang='grc'><strong>28.</strong></span> <span class='ocrx_word' id='word_1_210' title='bbox 1276 1941 1317 2004; x_wconf 84' lang='lat' dir='ltr'><strong>Et</strong></span> <span class='ocrx_word' id='word_1_211' title='bbox 1360 1941 1487 2004; x_wconf 87' lang='lat' dir='ltr'><strong>accessit</strong></span> <span class='ocrx_word' id='word_1_212' title='bbox 1533 1963 1611 2004; x_wconf 87' lang='lat' dir='ltr'><strong>nnus</strong></span> <span class='ocrx_word' id='word_1_213' title='bbox 1658 1939 1699 2004; x_wconf 90' lang='lat' dir='ltr'><strong>de</strong></span> <span class='ocrx_word' id='word_1_214' title='bbox 1761 1938 1869 2004; x_wconf 89' lang='lat' dir='ltr'><strong>scribis</strong></span> <span class='ocrx_word' id='word_1_215' title='bbox 1921 1939 1974 2024; x_wconf 86' lang='lat' dir='ltr'><strong>qui</strong></span> <span class='ocrx_word' id='word_1_216' title='bbox 2006 1940 2145 2005; x_wconf 86' lang='lat' dir='ltr'><strong>andierat</strong></span> <span class='ocrx_word' id='word_1_217' title='bbox 2175 1942 2245 2006; x_wconf 86' lang='lat' dir='ltr'><strong>illos</strong></span> 
     </span>
    </p>
   </div>
   <div class='ocr_carea' id='block_1_9' title="bbox 324 2074 2255 2244">
    <p class='ocr_par' dir='ltr' id='par_1_9' title="bbox 324 2074 2255 2244">
     <span class='ocr_line' id='line_1_16' title="bbox 324 2074 2204 2154; baseline -0.001 -26"><span class='ocrx_word' id='word_1_218' title='bbox 324 2081 380 2128; x_wconf 84' lang='lat' dir='ltr'><strong>eins</strong></span> <span class='ocrx_word' id='word_1_219' title='bbox 398 2081 531 2140; x_wconf 80' lang='lat' dir='ltr'><strong>giirugnun</strong></span> <span class='ocrx_word' id='word_1_220' title='bbox 580 2074 596 2137; x_wconf 70' lang='grc' dir='ltr'><strong><em>Ἰ</em></strong></span> <span class='ocrx_word' id='word_1_221' title='bbox 650 2078 725 2139; x_wconf 79' lang='lat' dir='ltr'><strong>gisaeh</strong></span> <span class='ocrx_word' id='word_1_222' title='bbox 770 2077 862 2126; x_wconf 68' lang='lat' dir='ltr'><strong>iorhon</strong></span> <span class='ocrx_word' id='word_1_223' title='bbox 879 2077 930 2154; x_wconf 56' lang='lat' dir='ltr'><strong>“pte</strong></span> <span class='ocrx_word' id='word_1_224' title='bbox 971 2081 1015 2128; x_wconf 83' lang='lat' dir='ltr'><strong>wel</strong></span> <span class='ocrx_word' id='word_1_225' title='bbox 1058 2079 1124 2128; x_wconf 74' lang='lat' dir='ltr'><strong>’oaem</strong></span> <span class='ocrx_word' id='word_1_226' title='bbox 1166 2076 1326 2139; x_wconf 80' lang='lat' dir='ltr'><strong>giondworde</strong></span> <span class='ocrx_word' id='word_1_227' title='bbox 1421 2079 1524 2138; x_wconf 76' lang='lat' dir='ltr'><strong>gifraegn</strong></span> <span class='ocrx_word' id='word_1_228' title='bbox 1600 2077 1658 2124; x_wconf 87' lang='lat' dir='ltr'><strong>hina</strong></span> <span class='ocrx_word' id='word_1_229' title='bbox 1700 2075 1770 2124; x_wconf 80' lang='lat' dir='ltr'><strong>hwaet</strong></span> <span class='ocrx_word' id='word_1_230' title='bbox 1804 2088 1866 2123; x_wconf 73' lang='lat' dir='ltr'><strong>vere</strong></span> <span class='ocrx_word' id='word_1_231' title='bbox 1903 2074 2102 2126; x_wconf 70' lang='lat' dir='ltr'><strong>’deicer&#39;omesta</strong></span> <span class='ocrx_word' id='word_1_232' title='bbox 2153 2079 2204 2127; x_wconf 79' lang='lat' dir='ltr'><strong>alra</strong></span> 
     </span>
     <span class='ocr_line' id='line_1_17' title="bbox 326 2155 2255 2244; baseline 0 -22"><span class='ocrx_word' id='word_1_233' title='bbox 326 2159 541 2244; x_wconf 85' lang='lat' dir='ltr'><strong>conquirentes</strong></span> <span class='ocrx_word' id='word_1_234' title='bbox 574 2169 603 2221; x_wconf 87' lang='lat' dir='ltr'><strong>et</strong></span> <span class='ocrx_word' id='word_1_235' title='bbox 635 2159 742 2222; x_wconf 87' lang='lat' dir='ltr'><strong>uidens</strong></span> <span class='ocrx_word' id='word_1_236' title='bbox 774 2159 920 2242; x_wconf 88' lang='lat' dir='ltr'><strong>quoniam</strong></span> <span class='ocrx_word' id='word_1_237' title='bbox 951 2158 1031 2221; x_wconf 87' lang='lat' dir='ltr'><strong>bene</strong></span> <span class='ocrx_word' id='word_1_238' title='bbox 1058 2158 1118 2222; x_wconf 89' lang='lat' dir='ltr'><strong>illis</strong></span> <span class='ocrx_word' id='word_1_239' title='bbox 1146 2157 1338 2244; x_wconf 86' lang='lat' dir='ltr'><strong>responderit</strong></span> <span class='ocrx_word' id='word_1_240' title='bbox 1367 2157 1571 2243; x_wconf 86' lang='lat' dir='ltr'><strong>interrogauit</strong></span> <span class='ocrx_word' id='word_1_241' title='bbox 1596 2177 1667 2220; x_wconf 89' lang='lat' dir='ltr'><strong>eum</strong></span> <span class='ocrx_word' id='word_1_242' title='bbox 1689 2155 1771 2240; x_wconf 92' lang='lat' dir='ltr'><strong>quod</strong></span> <span class='ocrx_word' id='word_1_243' title='bbox 1794 2165 1873 2218; x_wconf 86' lang='lat' dir='ltr'><strong>esset</strong></span> <span class='ocrx_word' id='word_1_244' title='bbox 1933 2155 2068 2241; x_wconf 90' lang='lat' dir='ltr'><strong>primum</strong></span> <span class='ocrx_word' id='word_1_245' title='bbox 2118 2159 2255 2224; x_wconf 91' lang='lat' dir='ltr'><strong>omnium</strong></span> 
     </span>
    </p>
   </div>
   <div class='ocr_carea' id='block_1_10' title="bbox 324 2291 2254 2460">
    <p class='ocr_par' dir='ltr' id='par_1_10' title="bbox 324 2291 2254 2460">
     <span class='ocr_line' id='line_1_18' title="bbox 356 2291 2254 2356; baseline 0.002 -13"><span class='ocrx_word' id='word_1_246' title='bbox 356 2297 481 2344; x_wconf 82' lang='lat' dir='ltr'><strong>hihodona</strong></span> <span class='ocrx_word' id='word_1_247' title='bbox 645 2295 680 2344; x_wconf 81' lang='lat'><strong>&#39;60</strong></span> <span class='ocrx_word' id='word_1_248' title='bbox 698 2296 746 2343; x_wconf 80' lang='lat' dir='ltr'><strong>hai</strong></span> <span class='ocrx_word' id='word_1_249' title='bbox 786 2295 884 2344; x_wconf 72' lang='lat' dir='ltr'><strong>unt-udi</strong></span> <span class='ocrx_word' id='word_1_250' title='bbox 918 2294 1078 2354; x_wconf 83' lang='lat' dir='ltr'><strong>giondworda</strong></span> <span class='ocrx_word' id='word_1_251' title='bbox 1123 2297 1173 2343; x_wconf 87' lang='lat' dir='ltr'><strong>him</strong></span> <span class='ocrx_word' id='word_1_252' title='bbox 1216 2296 1311 2344; x_wconf 72' lang='lat' dir='ltr'><strong>iorbon</strong></span> <span class='ocrx_word' id='word_1_253' title='bbox 1347 2294 1383 2345; x_wconf 73' lang='lat' dir='ltr'><strong>&#39;he</strong></span> <span class='ocrx_word' id='word_1_254' title='bbox 1400 2293 1554 2344; x_wconf 74' lang='lat' dir='ltr'><strong>ioerhmasta</strong></span> <span class='ocrx_word' id='word_1_255' title='bbox 1628 2295 1678 2342; x_wconf 75' lang='lat' dir='ltr'><strong>alra</strong></span> <span class='ocrx_word' id='word_1_256' title='bbox 1778 2291 1905 2341; x_wconf 75' lang='lat' dir='ltr'><strong>bibodona</strong></span> <span class='ocrx_word' id='word_1_257' title='bbox 1962 2295 1983 2341; x_wconf 86' lang='lat' dir='ltr'><strong>is</strong></span> <span class='ocrx_word' id='word_1_258' title='bbox 2017 2294 2088 2356; x_wconf 83' lang='lat' dir='ltr'><strong>giher</strong></span> <span class='ocrx_word' id='word_1_259' title='bbox 2121 2298 2254 2346; x_wconf 78' lang='lat' dir='ltr'><strong>israhelum</strong></span> 
     </span>
     <span class='ocr_line' id='line_1_19' title="bbox 324 2373 2233 2460; baseline 0.003 -23"><span class='ocrx_word' id='word_1_260' title='bbox 324 2373 511 2438; x_wconf 84' lang='lat' dir='ltr'><strong>mandatum.</strong></span> <span class='ocrx_word' id='word_1_261' title='bbox 570 2376 619 2437; x_wconf 87' lang='grc'><strong>29.</strong></span> <span class='ocrx_word' id='word_1_262' title='bbox 647 2374 733 2438; x_wconf 87' lang='lat' dir='ltr'><strong>Iesus</strong></span> <span class='ocrx_word' id='word_1_263' title='bbox 778 2384 880 2438; x_wconf 86' lang='lat' dir='ltr'><strong>antem</strong></span> <span class='ocrx_word' id='word_1_264' title='bbox 918 2373 1077 2459; x_wconf 90' lang='lat' dir='ltr'><strong>respoudit</strong></span> <span class='ocrx_word' id='word_1_265' title='bbox 1132 2374 1159 2436; x_wconf 88' lang='lat' dir='ltr'><strong>ei</strong></span> <span class='ocrx_word' id='word_1_266' title='bbox 1226 2375 1297 2459; x_wconf 90' lang='lat' dir='ltr'><strong>quia</strong></span> <span class='ocrx_word' id='word_1_267' title='bbox 1386 2375 1521 2460; x_wconf 89' lang='lat' dir='ltr'><strong>primum</strong></span> <span class='ocrx_word' id='word_1_268' title='bbox 1584 2373 1723 2438; x_wconf 90' lang='lat' dir='ltr'><strong>omnium</strong></span> <span class='ocrx_word' id='word_1_269' title='bbox 1748 2373 1927 2436; x_wconf 88' lang='lat' dir='ltr'><strong>mandatum</strong></span> <span class='ocrx_word' id='word_1_270' title='bbox 1956 2383 2002 2437; x_wconf 87' lang='lat' dir='ltr'><strong>est</strong></span> <span class='ocrx_word' id='word_1_271' title='bbox 2028 2376 2100 2440; x_wconf 90' lang='lat' dir='ltr'><strong>audi</strong></span> <span class='ocrx_word' id='word_1_272' title='bbox 2134 2377 2233 2444; x_wconf 85' lang='lat' dir='ltr'><strong>Israel</strong></span> 
     </span>
    </p>
   </div>
   <div class='ocr_carea' id='block_1_11' title="bbox 266 2507 2254 2675">
    <p class='ocr_par' dir='ltr' id='par_1_11' title="bbox 266 2507 2254 2675">
     <span class='ocr_line' id='line_1_20' title="bbox 376 2507 2254 2573; baseline 0.001 -13"><span class='ocrx_word' id='word_1_273' title='bbox 376 2511 431 2560; x_wconf 87' lang='lat' dir='ltr'><strong>drih</strong></span> <span class='ocrx_word' id='word_1_274' title='bbox 517 2512 566 2570; x_wconf 77' lang='lat' dir='ltr'><strong>god</strong></span> <span class='ocrx_word' id='word_1_275' title='bbox 607 2525 664 2559; x_wconf 86' lang='lat' dir='ltr'><strong>user</strong></span> <span class='ocrx_word' id='word_1_276' title='bbox 715 2512 765 2573; x_wconf 85' lang='lat' dir='ltr'><strong>god</strong></span> <span class='ocrx_word' id='word_1_277' title='bbox 817 2527 863 2560; x_wconf 84' lang='lat' dir='ltr'><strong>una</strong></span> <span class='ocrx_word' id='word_1_278' title='bbox 915 2515 936 2560; x_wconf 89' lang='lat' dir='ltr'><strong>is</strong></span> <span class='ocrx_word' id='word_1_279' title='bbox 1087 2507 1102 2568; x_wconf 83' lang='lat'>]</span> <span class='ocrx_word' id='word_1_280' title='bbox 1141 2511 1192 2558; x_wconf 80' lang='lat' dir='ltr'><strong>luia</strong></span> <span class='ocrx_word' id='word_1_281' title='bbox 1212 2509 1247 2558; x_wconf 67' lang='lat' dir='ltr'><strong>hu</strong></span> <span class='ocrx_word' id='word_1_282' title='bbox 1318 2511 1372 2558; x_wconf 88' lang='lat' dir='ltr'><strong>drih</strong></span> <span class='ocrx_word' id='word_1_283' title='bbox 1474 2512 1523 2572; x_wconf 78' lang='lat' dir='ltr'><strong>god</strong></span> <span class='ocrx_word' id='word_1_284' title='bbox 1573 2511 1653 2560; x_wconf 69' lang='lat' dir='ltr'><strong>’diune</strong></span> <span class='ocrx_word' id='word_1_285' title='bbox 1689 2513 1717 2560; x_wconf 87' lang='lat' dir='ltr'><strong>oi</strong></span> <span class='ocrx_word' id='word_1_286' title='bbox 1750 2511 1801 2558; x_wconf 80' lang='lat' dir='ltr'><strong>alra</strong></span> <span class='ocrx_word' id='word_1_287' title='bbox 1835 2511 1919 2560; x_wconf 83' lang='lat' dir='ltr'><strong>heorto</strong></span> <span class='ocrx_word' id='word_1_288' title='bbox 1955 2510 2030 2560; x_wconf 69' lang='lat' dir='ltr'><strong>&#39;eiuro</strong></span> <span class='ocrx_word' id='word_1_289' title='bbox 2073 2509 2089 2570; x_wconf 66' lang='grc' dir='ltr'><strong><em>Ἰ</em></strong></span> <span class='ocrx_word' id='word_1_290' title='bbox 2136 2516 2163 2562; x_wconf 83' lang='lat' dir='ltr'><strong>oi</strong></span> <span class='ocrx_word' id='word_1_291' title='bbox 2204 2516 2254 2562; x_wconf 78' lang='lat' dir='ltr'><strong>alre</strong></span> 
     </span>
     <span class='ocr_line' id='line_1_21' title="bbox 266 2589 2254 2675; baseline 0.002 -20"><span class='ocrx_word' id='word_1_292' title='bbox 266 2593 305 2655; x_wconf 85' lang='lat'><strong>10</strong></span> <span class='ocrx_word' id='word_1_293' title='bbox 327 2590 469 2654; x_wconf 89' lang='lat' dir='ltr'><strong>dominus</strong></span> <span class='ocrx_word' id='word_1_294' title='bbox 490 2589 575 2654; x_wconf 89' lang='lat' dir='ltr'><strong>Deus</strong></span> <span class='ocrx_word' id='word_1_295' title='bbox 598 2601 666 2654; x_wconf 86' lang='lat' dir='ltr'><strong>tuus</strong></span> <span class='ocrx_word' id='word_1_296' title='bbox 687 2592 772 2655; x_wconf 88' lang='lat' dir='ltr'><strong>Deus</strong></span> <span class='ocrx_word' id='word_1_297' title='bbox 794 2615 873 2655; x_wconf 91' lang='lat' dir='ltr'><strong>nnus</strong></span> <span class='ocrx_word' id='word_1_298' title='bbox 896 2602 949 2655; x_wconf 85' lang='lat' dir='ltr'><strong>est.</strong></span> <span class='ocrx_word' id='word_1_299' title='bbox 993 2593 1041 2655; x_wconf 88' lang='lat'><strong>30.</strong></span> <span class='ocrx_word' id='word_1_300' title='bbox 1065 2591 1105 2654; x_wconf 86' lang='lat' dir='ltr'><strong>Et</strong></span> <span class='ocrx_word' id='word_1_301' title='bbox 1126 2590 1237 2675; x_wconf 83' lang='lat' dir='ltr'><strong>diliges</strong></span> <span class='ocrx_word' id='word_1_302' title='bbox 1259 2591 1416 2654; x_wconf 90' lang='lat' dir='ltr'><strong>dominum</strong></span> <span class='ocrx_word' id='word_1_303' title='bbox 1436 2590 1541 2655; x_wconf 92' lang='lat' dir='ltr'><strong>Deum</strong></span> <span class='ocrx_word' id='word_1_304' title='bbox 1564 2606 1651 2654; x_wconf 88' lang='lat' dir='ltr'><strong>tuum</strong></span> <span class='ocrx_word' id='word_1_305' title='bbox 1673 2613 1710 2654; x_wconf 86' lang='lat' dir='ltr'><strong>ex</strong></span> <span class='ocrx_word' id='word_1_306' title='bbox 1733 2601 1800 2654; x_wconf 89' lang='lat' dir='ltr'><strong>toto</strong></span> <span class='ocrx_word' id='word_1_307' title='bbox 1827 2590 1921 2654; x_wconf 91' lang='lat' dir='ltr'><strong>corde</strong></span> <span class='ocrx_word' id='word_1_308' title='bbox 1959 2601 2012 2654; x_wconf 89' lang='lat' dir='ltr'><strong>tuo</strong></span> <span class='ocrx_word' id='word_1_309' title='bbox 2060 2603 2091 2655; x_wconf 90' lang='lat' dir='ltr'><strong>et</strong></span> <span class='ocrx_word' id='word_1_310' title='bbox 2120 2615 2161 2656; x_wconf 85' lang='lat' dir='ltr'><strong>ex</strong></span> <span class='ocrx_word' id='word_1_311' title='bbox 2190 2602 2254 2658; x_wconf 85' lang='lat' dir='ltr'><strong>tota</strong></span> 
     </span>
    </p>
   </div>
   <div class='ocr_carea' id='block_1_12' title="bbox 326 2722 2252 2892">
    <p class='ocr_par' dir='ltr' id='par_1_12' title="bbox 326 2722 2252 2892">
     <span class='ocr_line' id='line_1_22' title="bbox 340 2722 2243 2790; baseline -0.001 -14"><span class='ocrx_word' id='word_1_312' title='bbox 340 2729 414 2776; x_wconf 81' lang='lat' dir='ltr'><strong>srwle</strong></span> <span class='ocrx_word' id='word_1_313' title='bbox 464 2727 538 2775; x_wconf 74' lang='lat' dir='ltr'><strong>&#39;binis</strong></span> <span class='ocrx_word' id='word_1_314' title='bbox 573 2722 588 2785; x_wconf 67' lang='grc' dir='ltr'><strong><em>Ἰ</em></strong></span> <span class='ocrx_word' id='word_1_315' title='bbox 635 2728 662 2774; x_wconf 85' lang='lat' dir='ltr'><strong>oi</strong></span> <span class='ocrx_word' id='word_1_316' title='bbox 700 2729 747 2776; x_wconf 83' lang='lat' dir='ltr'><strong>alle</strong></span> <span class='ocrx_word' id='word_1_317' title='bbox 788 2729 893 2788; x_wconf 71' lang='lat' dir='ltr'><strong>gihohte</strong></span> <span class='ocrx_word' id='word_1_318' title='bbox 930 2730 1021 2779; x_wconf 70' lang='lat' dir='ltr'><strong>’binum</strong></span> <span class='ocrx_word' id='word_1_319' title='bbox 1056 2725 1071 2788; x_wconf 67' lang='grc' dir='ltr'><strong><em>Ἰ</em></strong></span> <span class='ocrx_word' id='word_1_320' title='bbox 1111 2731 1137 2775; x_wconf 88' lang='lat' dir='ltr'><strong>ni</strong></span> <span class='ocrx_word' id='word_1_321' title='bbox 1171 2730 1218 2776; x_wconf 78' lang='lat' dir='ltr'><strong>alle</strong></span> <span class='ocrx_word' id='word_1_322' title='bbox 1261 2743 1355 2790; x_wconf 78' lang='lat' dir='ltr'><strong>megae</strong></span> <span class='ocrx_word' id='word_1_323' title='bbox 1391 2727 1457 2776; x_wconf 74' lang='lat' dir='ltr'><strong>&#39;ohru</strong></span> <span class='ocrx_word' id='word_1_324' title='bbox 1492 2727 1535 2777; x_wconf 72' lang='lat' dir='ltr'><strong>’his</strong></span> <span class='ocrx_word' id='word_1_325' title='bbox 1570 2728 1593 2774; x_wconf 85' lang='lat' dir='ltr'><strong>is</strong></span> <span class='ocrx_word' id='word_1_326' title='bbox 1629 2725 1682 2775; x_wconf 73' lang='lat' dir='ltr'><strong>&#39;oret</strong></span> <span class='ocrx_word' id='word_1_327' title='bbox 1699 2726 1850 2776; x_wconf 70' lang='lat' dir='ltr'><strong>ioerbmeste</strong></span> <span class='ocrx_word' id='word_1_328' title='bbox 1919 2727 1995 2776; x_wconf 90' lang='lat' dir='ltr'><strong>hihod</strong></span> <span class='ocrx_word' id='word_1_329' title='bbox 2203 2731 2243 2780; x_wconf 64' lang='lat' dir='ltr'><strong>{a</strong></span> 
     </span>
     <span class='ocr_line' id='line_1_23' title="bbox 326 2806 2252 2892; baseline 0.003 -22"><span class='ocrx_word' id='word_1_330' title='bbox 326 2807 428 2870; x_wconf 84' lang='lat' dir='ltr'><strong>animo</strong></span> <span class='ocrx_word' id='word_1_331' title='bbox 466 2819 518 2869; x_wconf 81' lang='lat' dir='ltr'><strong>tua</strong></span> <span class='ocrx_word' id='word_1_332' title='bbox 563 2818 593 2870; x_wconf 82' lang='lat' dir='ltr'><strong>et</strong></span> <span class='ocrx_word' id='word_1_333' title='bbox 625 2828 663 2870; x_wconf 89' lang='lat' dir='ltr'><strong>ex</strong></span> <span class='ocrx_word' id='word_1_334' title='bbox 692 2817 756 2870; x_wconf 81' lang='lat' dir='ltr'><strong>tota</strong></span> <span class='ocrx_word' id='word_1_335' title='bbox 789 2821 891 2873; x_wconf 91' lang='lat' dir='ltr'><strong>mente</strong></span> <span class='ocrx_word' id='word_1_336' title='bbox 954 2820 1006 2873; x_wconf 85' lang='lat' dir='ltr'><strong>tua</strong></span> <span class='ocrx_word' id='word_1_337' title='bbox 1049 2819 1078 2872; x_wconf 87' lang='lat' dir='ltr'><strong>et</strong></span> <span class='ocrx_word' id='word_1_338' title='bbox 1104 2830 1141 2872; x_wconf 84' lang='lat' dir='ltr'><strong>ex</strong></span> <span class='ocrx_word' id='word_1_339' title='bbox 1165 2818 1227 2870; x_wconf 88' lang='lat' dir='ltr'><strong>tota</strong></span> <span class='ocrx_word' id='word_1_340' title='bbox 1251 2807 1362 2870; x_wconf 85' lang='lat' dir='ltr'><strong>uirtute</strong></span> <span class='ocrx_word' id='word_1_341' title='bbox 1394 2817 1456 2870; x_wconf 87' lang='lat' dir='ltr'><strong>tna.</strong></span> <span class='ocrx_word' id='word_1_342' title='bbox 1478 2807 1539 2872; x_wconf 93' lang='lat' dir='ltr'><strong>hoo</strong></span> <span class='ocrx_word' id='word_1_343' title='bbox 1561 2816 1605 2870; x_wconf 88' lang='lat' dir='ltr'><strong>est</strong></span> <span class='ocrx_word' id='word_1_344' title='bbox 1667 2806 1801 2892; x_wconf 90' lang='lat' dir='ltr'><strong>primum</strong></span> <span class='ocrx_word' id='word_1_345' title='bbox 1883 2809 2071 2872; x_wconf 86' lang='lat' dir='ltr'><strong>mandatum.</strong></span> <span class='ocrx_word' id='word_1_346' title='bbox 2113 2809 2163 2872; x_wconf 86' lang='lat'><strong>31.</strong></span> <span class='ocrx_word' id='word_1_347' title='bbox 2197 2807 2252 2876; x_wconf 76' lang='lat' dir='ltr'><strong>Se</strong></span> 
     </span>
    </p>
   </div>
   <div class='ocr_carea' id='block_1_13' title="bbox 329 2943 2249 3111">
    <p class='ocr_par' dir='ltr' id='par_1_13' title="bbox 329 2943 2249 3111">
     <span class='ocr_line' id='line_1_24' title="bbox 344 2943 2183 3006; baseline 0.001 -12"><span class='ocrx_word' id='word_1_348' title='bbox 344 2948 437 2994; x_wconf 76' lang='lat' dir='ltr'><strong>nitens</strong></span> <span class='ocrx_word' id='word_1_349' title='bbox 479 2945 611 2992; x_wconf 80' lang='lat' dir='ltr'><strong>wutndlics</strong></span> <span class='ocrx_word' id='word_1_350' title='bbox 646 2946 719 3006; x_wconf 78' lang='lat' dir='ltr'><strong>gilice</strong></span> <span class='ocrx_word' id='word_1_351' title='bbox 827 2945 879 2993; x_wconf 90' lang='lat' dir='ltr'><strong>him</strong></span> <span class='ocrx_word' id='word_1_352' title='bbox 931 2947 982 2993; x_wconf 82' lang='lat' dir='ltr'><strong>luia</strong></span> <span class='ocrx_word' id='word_1_353' title='bbox 1032 2945 1100 2994; x_wconf 71' lang='lat' dir='ltr'><strong>’eone</strong></span> <span class='ocrx_word' id='word_1_354' title='bbox 1118 2951 1192 2992; x_wconf 81' lang='lat' dir='ltr'><strong>nestu</strong></span> <span class='ocrx_word' id='word_1_355' title='bbox 1228 2945 1307 2992; x_wconf 70' lang='lat' dir='ltr'><strong>binus</strong></span> <span class='ocrx_word' id='word_1_356' title='bbox 1350 2957 1399 2990; x_wconf 81' lang='lat' dir='ltr'><strong>swa</strong></span> <span class='ocrx_word' id='word_1_357' title='bbox 1417 2959 1467 2991; x_wconf 79' lang='lat' dir='ltr'><strong>swa</strong></span> <span class='ocrx_word' id='word_1_358' title='bbox 1510 2943 1560 2993; x_wconf 71' lang='lat' dir='ltr'><strong>’deo</strong></span> <span class='ocrx_word' id='word_1_359' title='bbox 1599 2945 1678 2993; x_wconf 85' lang='lat' dir='ltr'><strong>soline</strong></span> <span class='ocrx_word' id='word_1_360' title='bbox 1737 2956 1805 2991; x_wconf 75' lang='lat' dir='ltr'><strong>mara</strong></span> <span class='ocrx_word' id='word_1_361' title='bbox 1866 2943 1937 2992; x_wconf 68' lang='lat' dir='ltr'><strong>&#39;dista</strong></span> <span class='ocrx_word' id='word_1_362' title='bbox 1986 2944 2049 2994; x_wconf 62' lang='lat' dir='ltr'><strong>cher</strong></span> <span class='ocrx_word' id='word_1_363' title='bbox 2106 2947 2183 2996; x_wconf 85' lang='lat' dir='ltr'><strong>hihud</strong></span> 
     </span>
     <span class='ocr_line' id='line_1_25' title="bbox 329 3021 2249 3111; baseline 0.001 -23"><span class='ocrx_word' id='word_1_364' title='bbox 329 3024 464 3090; x_wconf 89' lang='lat' dir='ltr'><strong>eundum</strong></span> <span class='ocrx_word' id='word_1_365' title='bbox 495 3034 597 3088; x_wconf 85' lang='lat' dir='ltr'><strong>autem</strong></span> <span class='ocrx_word' id='word_1_366' title='bbox 637 3023 736 3087; x_wconf 90' lang='lat' dir='ltr'><strong>simile</strong></span> <span class='ocrx_word' id='word_1_367' title='bbox 757 3034 802 3087; x_wconf 87' lang='lat' dir='ltr'><strong>est</strong></span> <span class='ocrx_word' id='word_1_368' title='bbox 825 3024 871 3087; x_wconf 94' lang='lat' dir='ltr'><strong>illi</strong></span> <span class='ocrx_word' id='word_1_369' title='bbox 898 3024 1008 3110; x_wconf 87' lang='lat' dir='ltr'><strong>diliges</strong></span> <span class='ocrx_word' id='word_1_370' title='bbox 1030 3025 1207 3111; x_wconf 89' lang='lat' dir='ltr'><strong>proximum</strong></span> <span class='ocrx_word' id='word_1_371' title='bbox 1227 3033 1313 3087; x_wconf 87' lang='lat' dir='ltr'><strong>tuum</strong></span> <span class='ocrx_word' id='word_1_372' title='bbox 1334 3035 1490 3109; x_wconf 83' lang='lat' dir='ltr'><strong>tamquam</strong></span> <span class='ocrx_word' id='word_1_373' title='bbox 1523 3034 1553 3086; x_wconf 88' lang='lat' dir='ltr'><strong>te</strong></span> <span class='ocrx_word' id='word_1_374' title='bbox 1584 3023 1694 3109; x_wconf 89' lang='lat' dir='ltr'><strong>ipsum.</strong></span> <span class='ocrx_word' id='word_1_375' title='bbox 1715 3023 1814 3086; x_wconf 89' lang='lat' dir='ltr'><strong>maius</strong></span> <span class='ocrx_word' id='word_1_376' title='bbox 1834 3021 1948 3087; x_wconf 89' lang='lat' dir='ltr'><strong>horum</strong></span> <span class='ocrx_word' id='word_1_377' title='bbox 1967 3023 2051 3088; x_wconf 83' lang='lat' dir='ltr'><strong>aliud</strong></span> <span class='ocrx_word' id='word_1_378' title='bbox 2071 3026 2249 3090; x_wconf 87' lang='lat' dir='ltr'><strong>mandatum</strong></span> 
     </span>
    </p>
   </div>
   <div class='ocr_carea' id='block_1_14' title="bbox 321 3158 2247 3326">
    <p class='ocr_par' dir='ltr' id='par_1_14' title="bbox 321 3158 2247 3326">
     <span class='ocr_line' id='line_1_26' title="bbox 339 3158 2233 3224; baseline 0.001 -14"><span class='ocrx_word' id='word_1_379' title='bbox 339 3177 368 3210; x_wconf 86' lang='lat' dir='ltr'><strong>ne</strong></span> <span class='ocrx_word' id='word_1_380' title='bbox 419 3165 440 3211; x_wconf 86' lang='lat' dir='ltr'><strong>is</strong></span> <span class='ocrx_word' id='word_1_381' title='bbox 590 3158 605 3219; x_wconf 70' lang='grc' dir='ltr'><strong><em>Ἰ</em></strong></span> <span class='ocrx_word' id='word_1_382' title='bbox 643 3161 721 3210; x_wconf 75' lang='lat' dir='ltr'><strong>ewae’o</strong></span> <span class='ocrx_word' id='word_1_383' title='bbox 756 3162 807 3210; x_wconf 87' lang='lat' dir='ltr'><strong>him</strong></span> <span class='ocrx_word' id='word_1_384' title='bbox 841 3175 867 3210; x_wconf 89' lang='lat' dir='ltr'><strong>se</strong></span> <span class='ocrx_word' id='word_1_385' title='bbox 885 3161 992 3210; x_wconf 61' lang='lat' dir='ltr'><strong>ubuum</strong></span> <span class='ocrx_word' id='word_1_386' title='bbox 1026 3163 1072 3210; x_wconf 78' lang='lat' dir='ltr'><strong>wel</strong></span> <span class='ocrx_word' id='word_1_387' title='bbox 1124 3162 1239 3208; x_wconf 83' lang='lat' dir='ltr'><strong>lalarow</strong></span> <span class='ocrx_word' id='word_1_388' title='bbox 1282 3163 1308 3209; x_wconf 93' lang='lat' dir='ltr'><strong>in</strong></span> <span class='ocrx_word' id='word_1_389' title='bbox 1343 3161 1516 3210; x_wconf 67' lang='lat' dir='ltr'><strong>subinstnisso</strong></span> <span class='ocrx_word' id='word_1_390' title='bbox 1552 3160 1590 3209; x_wconf 69' lang='lat' dir='ltr'><strong>’du</strong></span> <span class='ocrx_word' id='word_1_391' title='bbox 1609 3161 1690 3210; x_wconf 87' lang='lat' dir='ltr'><strong>ewsde</strong></span> <span class='ocrx_word' id='word_1_392' title='bbox 1726 3161 1818 3210; x_wconf 75' lang='lat' dir='ltr'><strong>ior&#39;oon</strong></span> <span class='ocrx_word' id='word_1_393' title='bbox 1871 3174 1903 3208; x_wconf 86' lang='lat' dir='ltr'><strong>an</strong></span> <span class='ocrx_word' id='word_1_394' title='bbox 1961 3163 1982 3209; x_wconf 88' lang='lat' dir='ltr'><strong>is</strong></span> <span class='ocrx_word' id='word_1_395' title='bbox 2040 3163 2089 3224; x_wconf 81' lang='lat' dir='ltr'><strong>god</strong></span> <span class='ocrx_word' id='word_1_396' title='bbox 2138 3162 2155 3224; x_wconf 68' lang='grc' dir='ltr'><strong><em>Ἰ</em></strong></span> <span class='ocrx_word' id='word_1_397' title='bbox 2202 3177 2233 3214; x_wconf 86' lang='lat' dir='ltr'><strong>ue</strong></span> 
     </span>
     <span class='ocr_line' id='line_1_27' title="bbox 321 3239 2247 3326; baseline 0.002 -20"><span class='ocrx_word' id='word_1_398' title='bbox 321 3264 383 3306; x_wconf 91' lang='lat' dir='ltr'><strong>non</strong></span> <span class='ocrx_word' id='word_1_399' title='bbox 403 3251 456 3305; x_wconf 82' lang='lat' dir='ltr'><strong>est</strong></span> <span class='ocrx_word' id='word_1_400' title='bbox 500 3241 549 3304; x_wconf 78' lang='lat'><strong>32.</strong></span> <span class='ocrx_word' id='word_1_401' title='bbox 572 3240 613 3304; x_wconf 88' lang='lat' dir='ltr'><strong>Et</strong></span> <span class='ocrx_word' id='word_1_402' title='bbox 661 3240 703 3302; x_wconf 86' lang='lat' dir='ltr'><strong>ait</strong></span> <span class='ocrx_word' id='word_1_403' title='bbox 753 3239 798 3302; x_wconf 94' lang='lat' dir='ltr'><strong>illi</strong></span> <span class='ocrx_word' id='word_1_404' title='bbox 860 3241 960 3305; x_wconf 88' lang='lat' dir='ltr'><strong>scriba</strong></span> <span class='ocrx_word' id='word_1_405' title='bbox 1002 3241 1081 3304; x_wconf 88' lang='lat' dir='ltr'><strong>bene</strong></span> <span class='ocrx_word' id='word_1_406' title='bbox 1107 3242 1253 3325; x_wconf 86' lang='lat' dir='ltr'><strong>magister</strong></span> <span class='ocrx_word' id='word_1_407' title='bbox 1279 3241 1311 3302; x_wconf 92' lang='lat' dir='ltr'><strong>in</strong></span> <span class='ocrx_word' id='word_1_408' title='bbox 1369 3241 1497 3304; x_wconf 85' lang='lat' dir='ltr'><strong>ueritate</strong></span> <span class='ocrx_word' id='word_1_409' title='bbox 1569 3241 1672 3304; x_wconf 82' lang='lat' dir='ltr'><strong>dixisti</strong></span> <span class='ocrx_word' id='word_1_410' title='bbox 1743 3241 1815 3326; x_wconf 88' lang='lat' dir='ltr'><strong>quia</strong></span> <span class='ocrx_word' id='word_1_411' title='bbox 1846 3263 1924 3303; x_wconf 92' lang='lat' dir='ltr'><strong>unus</strong></span> <span class='ocrx_word' id='word_1_412' title='bbox 1946 3251 1991 3304; x_wconf 90' lang='lat' dir='ltr'><strong>est</strong></span> <span class='ocrx_word' id='word_1_413' title='bbox 2014 3241 2100 3306; x_wconf 89' lang='lat' dir='ltr'><strong>Deus</strong></span> <span class='ocrx_word' id='word_1_414' title='bbox 2129 3255 2158 3307; x_wconf 92' lang='lat' dir='ltr'><strong>et</strong></span> <span class='ocrx_word' id='word_1_415' title='bbox 2185 3267 2247 3310; x_wconf 90' lang='lat' dir='ltr'><strong>non</strong></span> 
     </span>
    </p>
   </div>
   <div class='ocr_carea' id='block_1_15' title="bbox 324 3371 2250 3544">
    <p class='ocr_par' dir='ltr' id='par_1_15' title="bbox 324 3371 2250 3544">
     <span class='ocr_line' id='line_1_28' title="bbox 335 3371 2250 3453; baseline 0.001 -27"><span class='ocrx_word' id='word_1_416' title='bbox 335 3381 356 3426; x_wconf 87' lang='lat' dir='ltr'><strong>is</strong></span> <span class='ocrx_word' id='word_1_417' title='bbox 398 3379 461 3428; x_wconf 67' lang='lat' dir='ltr'><strong>uber</strong></span> <span class='ocrx_word' id='word_1_418' title='bbox 512 3379 589 3426; x_wconf 78' lang='lat' dir='ltr'><strong>butan</strong></span> <span class='ocrx_word' id='word_1_419' title='bbox 646 3377 697 3425; x_wconf 88' lang='lat' dir='ltr'><strong>him</strong></span> <span class='ocrx_word' id='word_1_420' title='bbox 842 3374 858 3437; x_wconf 69' lang='grc' dir='ltr'><strong><em>Ἰ</em></strong></span> <span class='ocrx_word' id='word_1_421' title='bbox 895 3375 946 3453; x_wconf 54' lang='grc' dir='ltr'><strong>Ῥω</strong></span> <span class='ocrx_word' id='word_1_422' title='bbox 981 3379 1017 3426; x_wconf 87' lang='lat' dir='ltr'><strong>sic</strong></span> <span class='ocrx_word' id='word_1_423' title='bbox 1036 3379 1132 3439; x_wconf 79' lang='lat' dir='ltr'><strong>giluisd</strong></span> <span class='ocrx_word' id='word_1_424' title='bbox 1167 3380 1194 3425; x_wconf 87' lang='lat' dir='ltr'><strong>ol</strong></span> <span class='ocrx_word' id='word_1_425' title='bbox 1227 3379 1276 3427; x_wconf 83' lang='lat' dir='ltr'><strong>alre</strong></span> <span class='ocrx_word' id='word_1_426' title='bbox 1310 3379 1394 3427; x_wconf 85' lang='lat' dir='ltr'><strong>heorte</strong></span> <span class='ocrx_word' id='word_1_427' title='bbox 1433 3375 1449 3436; x_wconf 74' lang='grc' dir='ltr'><strong><em>Ἰ</em></strong></span> <span class='ocrx_word' id='word_1_428' title='bbox 1487 3379 1515 3426; x_wconf 83' lang='lat' dir='ltr'><strong>oi</strong></span> <span class='ocrx_word' id='word_1_429' title='bbox 1547 3378 1597 3426; x_wconf 82' lang='lat' dir='ltr'><strong>alre</strong></span> <span class='ocrx_word' id='word_1_430' title='bbox 1637 3379 1778 3437; x_wconf 80' lang='lat' dir='ltr'><strong>ougstnisse</strong></span> <span class='ocrx_word' id='word_1_431' title='bbox 1818 3371 1834 3434; x_wconf 66' lang='lat' dir='ltr'>J</span> <span class='ocrx_word' id='word_1_432' title='bbox 1878 3378 1906 3426; x_wconf 88' lang='lat' dir='ltr'><strong>oi</strong></span> <span class='ocrx_word' id='word_1_433' title='bbox 1944 3377 1993 3426; x_wconf 78' lang='lat' dir='ltr'><strong>alre</strong></span> <span class='ocrx_word' id='word_1_434' title='bbox 2050 3381 2122 3429; x_wconf 83' lang='lat' dir='ltr'><strong>sawls</strong></span> <span class='ocrx_word' id='word_1_435' title='bbox 2170 3379 2185 3440; x_wconf 71' lang='grc' dir='ltr'><strong><em>Ἰ</em></strong></span> <span class='ocrx_word' id='word_1_436' title='bbox 2223 3385 2250 3430; x_wconf 84' lang='lat' dir='ltr'><strong>oi</strong></span> 
     </span>
     <span class='ocr_line' id='line_1_29' title="bbox 324 3457 2248 3544; baseline 0.001 -21"><span class='ocrx_word' id='word_1_437' title='bbox 324 3469 369 3523; x_wconf 85' lang='lat' dir='ltr'><strong>est</strong></span> <span class='ocrx_word' id='word_1_438' title='bbox 388 3457 466 3520; x_wconf 90' lang='lat' dir='ltr'><strong>alins</strong></span> <span class='ocrx_word' id='word_1_439' title='bbox 489 3469 610 3542; x_wconf 84' lang='lat' dir='ltr'><strong>praeter</strong></span> <span class='ocrx_word' id='word_1_440' title='bbox 631 3479 709 3520; x_wconf 89' lang='lat' dir='ltr'><strong>curn.</strong></span> <span class='ocrx_word' id='word_1_441' title='bbox 751 3459 801 3520; x_wconf 86' lang='lat'><strong>33.</strong></span> <span class='ocrx_word' id='word_1_442' title='bbox 822 3457 863 3521; x_wconf 87' lang='lat' dir='ltr'><strong>Et</strong></span> <span class='ocrx_word' id='word_1_443' title='bbox 904 3469 939 3521; x_wconf 90' lang='lat' dir='ltr'><strong>ut</strong></span> <span class='ocrx_word' id='word_1_444' title='bbox 984 3459 1132 3544; x_wconf 85' lang='lat' dir='ltr'><strong>diligatm·</strong></span> <span class='ocrx_word' id='word_1_445' title='bbox 1160 3481 1198 3522; x_wconf 84' lang='lat' dir='ltr'><strong>cx</strong></span> <span class='ocrx_word' id='word_1_446' title='bbox 1218 3469 1281 3521; x_wconf 85' lang='lat' dir='ltr'><strong>toto</strong></span> <span class='ocrx_word' id='word_1_447' title='bbox 1303 3457 1396 3521; x_wconf 88' lang='lat' dir='ltr'><strong>corde</strong></span> <span class='ocrx_word' id='word_1_448' title='bbox 1425 3467 1515 3521; x_wconf 88' lang='lat' dir='ltr'><strong>etex</strong></span> <span class='ocrx_word' id='word_1_449' title='bbox 1539 3468 1601 3522; x_wconf 91' lang='lat' dir='ltr'><strong>toto</strong></span> <span class='ocrx_word' id='word_1_450' title='bbox 1629 3457 1785 3522; x_wconf 87' lang='lat' dir='ltr'><strong>intellectu</strong></span> <span class='ocrx_word' id='word_1_451' title='bbox 1812 3468 1908 3522; x_wconf 87' lang='lat' dir='ltr'><strong>etex</strong></span> <span class='ocrx_word' id='word_1_452' title='bbox 1935 3467 1998 3521; x_wconf 84' lang='lat' dir='ltr'><strong>tota</strong></span> <span class='ocrx_word' id='word_1_453' title='bbox 2027 3461 2129 3524; x_wconf 87' lang='lat' dir='ltr'><strong>anima</strong></span> <span class='ocrx_word' id='word_1_454' title='bbox 2156 3471 2248 3526; x_wconf 84' lang='lat' dir='ltr'><strong>etex</strong></span> 
     </span>
    </p>
   </div>
   <div class='ocr_carea' id='block_1_16' title="bbox 263 3563 2249 3760">
    <p class='ocr_par' dir='ltr' id='par_1_16' title="bbox 263 3563 2249 3760">
     <span class='ocr_line' id='line_1_30' title="bbox 328 3563 2249 3656; baseline 0.001 -11"><span class='ocrx_word' id='word_1_455' title='bbox 328 3600 376 3646; x_wconf 76' lang='lat' dir='ltr'><strong>alre</strong></span> <span class='ocrx_word' id='word_1_456' title='bbox 411 3603 510 3655; x_wconf 76' lang='lat' dir='ltr'><strong>strengu</strong></span> <span class='ocrx_word' id='word_1_457' title='bbox 531 3595 591 3643; x_wconf 75' lang='lat' dir='ltr'><strong>’sina</strong></span> <span class='ocrx_word' id='word_1_458' title='bbox 627 3591 642 3653; x_wconf 71' lang='grc' dir='ltr'><strong><em>Ἰ</em></strong></span> <span class='ocrx_word' id='word_1_459' title='bbox 713 3596 765 3642; x_wconf 86' lang='lat' dir='ltr'><strong>luia</strong></span> <span class='ocrx_word' id='word_1_460' title='bbox 826 3594 895 3645; x_wconf 68' lang='lat' dir='ltr'><strong>&#39;done</strong></span> <span class='ocrx_word' id='word_1_461' title='bbox 912 3601 985 3642; x_wconf 84' lang='lat' dir='ltr'><strong>nestn</strong></span> <span class='ocrx_word' id='word_1_462' title='bbox 1042 3609 1092 3642; x_wconf 83' lang='lat' dir='ltr'><strong>swa</strong></span> <span class='ocrx_word' id='word_1_463' title='bbox 1107 3605 1158 3642; x_wconf 86' lang='lat' dir='ltr'><strong>swa</strong></span> <span class='ocrx_word' id='word_1_464' title='bbox 1200 3595 1247 3644; x_wconf 76' lang='lat' dir='ltr'><strong>&#39;doc</strong></span> <span class='ocrx_word' id='word_1_465' title='bbox 1266 3594 1345 3644; x_wconf 83' lang='lat' dir='ltr'><strong>soline</strong></span> <span class='ocrx_word' id='word_1_466' title='bbox 1380 3608 1448 3642; x_wconf 81' lang='lat' dir='ltr'><strong>mara</strong></span> <span class='ocrx_word' id='word_1_467' title='bbox 1495 3598 1516 3642; x_wconf 91' lang='lat' dir='ltr'><strong>is</strong></span> <span class='ocrx_word' id='word_1_468' title='bbox 1577 3596 1654 3642; x_wconf 84' lang='lat' dir='ltr'><strong>allum</strong></span> <span class='ocrx_word' id='word_1_469' title='bbox 1765 3594 1868 3642; x_wconf 73' lang='lat' dir='ltr'><strong>cuicum</strong></span> <span class='ocrx_word' id='word_1_470' title='bbox 1882 3594 1965 3642; x_wconf 85' lang='lat' dir='ltr'><strong>lacum</strong></span> <span class='ocrx_word' id='word_1_471' title='bbox 2032 3593 2047 3654; x_wconf 70' lang='grc'>1</span> <span class='ocrx_word' id='word_1_472' title='bbox 2085 3563 2249 3656; x_wconf 80' lang='lat' dir='ltr'><strong>saegdnissum</strong></span> 
     </span>
     <span class='ocr_line' id='line_1_31' title="bbox 263 3672 2249 3760; baseline 0.003 -22"><span class='ocrx_word' id='word_1_473' title='bbox 263 3678 302 3740; x_wconf 80' lang='lat'><strong>15</strong></span> <span class='ocrx_word' id='word_1_474' title='bbox 322 3687 384 3740; x_wconf 83' lang='lat' dir='ltr'><strong>tota</strong></span> <span class='ocrx_word' id='word_1_475' title='bbox 410 3673 587 3738; x_wconf 86' lang='lat' dir='ltr'><strong>fortitudine</strong></span> <span class='ocrx_word' id='word_1_476' title='bbox 618 3684 648 3737; x_wconf 87' lang='lat' dir='ltr'><strong>et</strong></span> <span class='ocrx_word' id='word_1_477' title='bbox 669 3673 799 3759; x_wconf 88' lang='lat' dir='ltr'><strong>diligere</strong></span> <span class='ocrx_word' id='word_1_478' title='bbox 819 3674 995 3760; x_wconf 84' lang='lat' dir='ltr'><strong>proximum</strong></span> <span class='ocrx_word' id='word_1_479' title='bbox 1016 3683 1171 3758; x_wconf 84' lang='lat' dir='ltr'><strong>tamquam</strong></span> <span class='ocrx_word' id='word_1_480' title='bbox 1204 3675 1337 3760; x_wconf 87' lang='lat' dir='ltr'><strong>scipsum</strong></span> <span class='ocrx_word' id='word_1_481' title='bbox 1363 3674 1460 3737; x_wconf 88' lang='lat' dir='ltr'><strong>maius</strong></span> <span class='ocrx_word' id='word_1_482' title='bbox 1482 3683 1528 3736; x_wconf 88' lang='lat' dir='ltr'><strong>est</strong></span> <span class='ocrx_word' id='word_1_483' title='bbox 1547 3674 1689 3737; x_wconf 88' lang='lat' dir='ltr'><strong>omnibus</strong></span> <span class='ocrx_word' id='word_1_484' title='bbox 1710 3672 2005 3738; x_wconf 81' lang='lat' dir='ltr'><strong>holocautomatibus</strong></span> <span class='ocrx_word' id='word_1_485' title='bbox 2027 3687 2057 3738; x_wconf 91' lang='lat' dir='ltr'><strong>et</strong></span> <span class='ocrx_word' id='word_1_486' title='bbox 2084 3677 2249 3743; x_wconf 87' lang='lat' dir='ltr'><strong>sacrificiis.</strong></span> 
     </span>
    </p>
   </div>
   <div class='ocr_carea' id='block_1_17' title="bbox 322 3825 2250 3994">
    <p class='ocr_par' dir='ltr' id='par_1_17' title="bbox 322 3825 2250 3994">
     <span class='ocr_line' id='line_1_32' title="bbox 391 3825 2250 3894; baseline 0.001 -17"><span class='ocrx_word' id='word_1_487' title='bbox 391 3829 424 3878; x_wconf 77' lang='lat' dir='ltr'><strong>’sa</strong></span> <span class='ocrx_word' id='word_1_488' title='bbox 441 3829 488 3876; x_wconf 80' lang='lat' dir='ltr'><strong>bnt</strong></span> <span class='ocrx_word' id='word_1_489' title='bbox 522 3827 619 3876; x_wconf 83' lang='lat' dir='ltr'><strong>wutudi</strong></span> <span class='ocrx_word' id='word_1_490' title='bbox 661 3828 734 3889; x_wconf 79' lang='lat' dir='ltr'><strong>giseh</strong></span> <span class='ocrx_word' id='word_1_491' title='bbox 773 3827 825 3877; x_wconf 73' lang='lat' dir='ltr'><strong>eat</strong></span> <span class='ocrx_word' id='word_1_492' title='bbox 843 3830 873 3876; x_wconf 86' lang='lat' dir='ltr'><strong>he</strong></span> <span class='ocrx_word' id='word_1_493' title='bbox 906 3829 1041 3877; x_wconf 82' lang='lat' dir='ltr'><strong>snoturlice</strong></span> <span class='ocrx_word' id='word_1_494' title='bbox 1102 3827 1259 3888; x_wconf 85' lang='lat' dir='ltr'><strong>gioudworde</strong></span> <span class='ocrx_word' id='word_1_495' title='bbox 1300 3827 1378 3877; x_wconf 72' lang='lat' dir='ltr'><strong>cwnb</strong></span> <span class='ocrx_word' id='word_1_496' title='bbox 1412 3833 1439 3874; x_wconf 87' lang='lat' dir='ltr'><strong>to</strong></span> <span class='ocrx_word' id='word_1_497' title='bbox 1458 3827 1510 3873; x_wconf 86' lang='lat' dir='ltr'><strong>him</strong></span> <span class='ocrx_word' id='word_1_498' title='bbox 1544 3839 1575 3874; x_wconf 86' lang='lat' dir='ltr'><strong>ne</strong></span> <span class='ocrx_word' id='word_1_499' title='bbox 1610 3825 1658 3876; x_wconf 63' lang='lat' dir='ltr'><strong>arb</strong></span> <span class='ocrx_word' id='word_1_500' title='bbox 1670 3826 1707 3875; x_wconf 74' lang='lat' dir='ltr'><strong>’dn</strong></span> <span class='ocrx_word' id='word_1_501' title='bbox 1748 3827 1799 3875; x_wconf 75' lang='lat' dir='ltr'><strong>isar</strong></span> <span class='ocrx_word' id='word_1_502' title='bbox 1838 3829 1875 3874; x_wconf 82' lang='lat' dir='ltr'><strong>fro</strong></span> <span class='ocrx_word' id='word_1_503' title='bbox 1919 3828 1967 3874; x_wconf 83' lang='lat' dir='ltr'><strong>rice</strong></span> <span class='ocrx_word' id='word_1_504' title='bbox 2006 3828 2082 3889; x_wconf 75' lang='lat' dir='ltr'><strong>godus</strong></span> <span class='ocrx_word' id='word_1_505' title='bbox 2116 3825 2132 3887; x_wconf 71' lang='lat'>1</span> <span class='ocrx_word' id='word_1_506' title='bbox 2170 3835 2250 3894; x_wconf 75' lang='lat' dir='ltr'><strong>naenig</strong></span> 
     </span>
     <span class='ocr_line' id='line_1_33' title="bbox 322 3904 2248 3994; baseline 0.001 -20"><span class='ocrx_word' id='word_1_507' title='bbox 322 3911 372 3974; x_wconf 88' lang='grc'><strong>34.</strong></span> <span class='ocrx_word' id='word_1_508' title='bbox 398 3907 485 3970; x_wconf 88' lang='lat' dir='ltr'><strong>lesus</strong></span> <span class='ocrx_word' id='word_1_509' title='bbox 517 3919 619 3972; x_wconf 84' lang='lat' dir='ltr'><strong>autem</strong></span> <span class='ocrx_word' id='word_1_510' title='bbox 640 3907 748 3970; x_wconf 88' lang='lat' dir='ltr'><strong>uidens</strong></span> <span class='ocrx_word' id='word_1_511' title='bbox 779 3909 862 3994; x_wconf 91' lang='lat' dir='ltr'><strong>quod</strong></span> <span class='ocrx_word' id='word_1_512' title='bbox 900 3907 1051 3994; x_wconf 86' lang='lat' dir='ltr'><strong>sapienter</strong></span> <span class='ocrx_word' id='word_1_513' title='bbox 1073 3907 1279 3994; x_wconf 84' lang='lat' dir='ltr'><strong>respondisset</strong></span> <span class='ocrx_word' id='word_1_514' title='bbox 1301 3907 1378 3970; x_wconf 85' lang='lat' dir='ltr'><strong>dixit</strong></span> <span class='ocrx_word' id='word_1_515' title='bbox 1438 3905 1483 3968; x_wconf 91' lang='lat' dir='ltr'><strong>illi</strong></span> <span class='ocrx_word' id='word_1_516' title='bbox 1525 3927 1587 3969; x_wconf 92' lang='lat' dir='ltr'><strong>non</strong></span> <span class='ocrx_word' id='word_1_517' title='bbox 1630 3928 1662 3970; x_wconf 91' lang='lat' dir='ltr'><strong>es</strong></span> <span class='ocrx_word' id='word_1_518' title='bbox 1718 3904 1812 3991; x_wconf 90' lang='lat' dir='ltr'><strong>longe</strong></span> <span class='ocrx_word' id='word_1_519' title='bbox 1836 3929 1854 3968; x_wconf 87' lang='lat' dir='ltr'><strong>a</strong></span> <span class='ocrx_word' id='word_1_520' title='bbox 1882 3927 1980 3992; x_wconf 88' lang='lat' dir='ltr'><strong>regno</strong></span> <span class='ocrx_word' id='word_1_521' title='bbox 2009 3907 2078 3972; x_wconf 92' lang='lat' dir='ltr'><strong>Dei.</strong></span> <span class='ocrx_word' id='word_1_522' title='bbox 2102 3919 2132 3973; x_wconf 89' lang='lat' dir='ltr'><strong>et</strong></span> <span class='ocrx_word' id='word_1_523' title='bbox 2158 3933 2248 3975; x_wconf 90' lang='lat' dir='ltr'><strong>nemo</strong></span> 
     </span>
    </p>
   </div>
   <div class='ocr_carea' id='block_1_18' title="bbox 322 4055 2248 4228">
    <p class='ocr_par' dir='ltr' id='par_1_18' title="bbox 322 4055 2248 4228">
     <span class='ocr_line' id='line_1_34' title="bbox 322 4055 2198 4126; baseline 0.001 -14"><span class='ocrx_word' id='word_1_524' title='bbox 322 4077 379 4112; x_wconf 90' lang='lat' dir='ltr'><strong>rnon</strong></span> <span class='ocrx_word' id='word_1_525' title='bbox 416 4055 503 4126; x_wconf 64' lang='lat' dir='ltr'><strong>sobbe</strong></span> <span class='ocrx_word' id='word_1_526' title='bbox 538 4062 642 4120; x_wconf 81' lang='lat' dir='ltr'><strong>gidrrits</strong></span> <span class='ocrx_word' id='word_1_527' title='bbox 683 4062 740 4110; x_wconf 88' lang='lat' dir='ltr'><strong>hinc</strong></span> <span class='ocrx_word' id='word_1_528' title='bbox 816 4067 926 4124; x_wconf 79' lang='lat' dir='ltr'><strong>gliregna</strong></span> <span class='ocrx_word' id='word_1_529' title='bbox 1094 4057 1110 4120; x_wconf 72' lang='grc' dir='ltr'><strong><em>Ἰ</em></strong></span> <span class='ocrx_word' id='word_1_530' title='bbox 1154 4061 1312 4121; x_wconf 78' lang='lat' dir='ltr'><strong>giondworde</strong></span> <span class='ocrx_word' id='word_1_531' title='bbox 1350 4059 1440 4110; x_wconf 72' lang='lat' dir='ltr'><strong>’hehel</strong></span> <span class='ocrx_word' id='word_1_532' title='bbox 1479 4058 1725 4109; x_wconf 73' lang='lat' dir='ltr'><strong>cwae&#39;oiewe&#39;ocnde</strong></span> <span class='ocrx_word' id='word_1_533' title='bbox 1760 4060 1864 4108; x_wconf 76' lang='lat' dir='ltr'><strong>intende</strong></span> <span class='ocrx_word' id='word_1_534' title='bbox 1905 4074 1936 4108; x_wconf 92' lang='lat' dir='ltr'><strong>on</strong></span> <span class='ocrx_word' id='word_1_535' title='bbox 1971 4063 2062 4124; x_wconf 85' lang='lat' dir='ltr'><strong>templs</strong></span> <span class='ocrx_word' id='word_1_536' title='bbox 2147 4067 2198 4114; x_wconf 90' lang='lat' dir='ltr'><strong>huu</strong></span> 
     </span>
     <span class='ocr_line' id='line_1_35' title="bbox 424 4138 2248 4228; baseline 0.004 -26"><span class='ocrx_word' id='word_1_537' title='bbox 424 4141 485 4204; x_wconf 87' lang='lat' dir='ltr'><strong>iam</strong></span> <span class='ocrx_word' id='word_1_538' title='bbox 528 4140 659 4204; x_wconf 88' lang='lat' dir='ltr'><strong>audebat</strong></span> <span class='ocrx_word' id='word_1_539' title='bbox 681 4163 751 4205; x_wconf 90' lang='lat' dir='ltr'><strong>enm</strong></span> <span class='ocrx_word' id='word_1_540' title='bbox 772 4141 973 4226; x_wconf 84' lang='lat' dir='ltr'><strong>interrogare.</strong></span> <span class='ocrx_word' id='word_1_541' title='bbox 1010 4142 1059 4205; x_wconf 82' lang='lat'><strong>35.</strong></span> <span class='ocrx_word' id='word_1_542' title='bbox 1076 4140 1116 4204; x_wconf 79' lang='lat' dir='ltr'><strong>Et</strong></span> <span class='ocrx_word' id='word_1_543' title='bbox 1137 4141 1326 4226; x_wconf 89' lang='lat' dir='ltr'><strong>respondens</strong></span> <span class='ocrx_word' id='word_1_544' title='bbox 1347 4140 1434 4203; x_wconf 84' lang='lat' dir='ltr'><strong>lesus</strong></span> <span class='ocrx_word' id='word_1_545' title='bbox 1548 4139 1667 4203; x_wconf 88' lang='lat' dir='ltr'><strong>dicebat</strong></span> <span class='ocrx_word' id='word_1_546' title='bbox 1749 4138 1862 4203; x_wconf 89' lang='lat' dir='ltr'><strong>doeens</strong></span> <span class='ocrx_word' id='word_1_547' title='bbox 1900 4139 2068 4228; x_wconf 87' lang='lat' dir='ltr'><strong>intemplo</strong></span> <span class='ocrx_word' id='word_1_548' title='bbox 2092 4144 2248 4228; x_wconf 91' lang='lat' dir='ltr'><strong>quomodo</strong></span> 
     </span>
    </p>
   </div>
   <div class='ocr_carea' id='block_1_19' title="bbox 322 4293 2250 4458">
    <p class='ocr_par' dir='ltr' id='par_1_19' title="bbox 322 4293 2250 4458">
     <span class='ocr_line' id='line_1_36' title="bbox 328 4293 2247 4355; baseline 0.001 -10"><span class='ocrx_word' id='word_1_549' title='bbox 328 4297 425 4345; x_wconf 81' lang='lat' dir='ltr'><strong>oweden</strong></span> <span class='ocrx_word' id='word_1_550' title='bbox 655 4293 715 4340; x_wconf 86' lang='lat' dir='ltr'><strong>crist</strong></span> <span class='ocrx_word' id='word_1_551' title='bbox 788 4297 823 4343; x_wconf 84' lang='lat' dir='ltr'><strong>sie</strong></span> <span class='ocrx_word' id='word_1_552' title='bbox 841 4308 907 4342; x_wconf 84' lang='lat' dir='ltr'><strong>sunu</strong></span> <span class='ocrx_word' id='word_1_553' title='bbox 946 4295 1037 4343; x_wconf 73' lang='lat' dir='ltr'><strong>lvere</strong></span> <span class='ocrx_word' id='word_1_554' title='bbox 1080 4294 1188 4344; x_wconf 67' lang='lat' dir='ltr'><strong>danihes</strong></span> <span class='ocrx_word' id='word_1_555' title='bbox 1325 4295 1359 4342; x_wconf 69' lang='lat' dir='ltr'><strong>&#39;io</strong></span> <span class='ocrx_word' id='word_1_556' title='bbox 1377 4295 1425 4342; x_wconf 82' lang='lat' dir='ltr'><strong>ilca</strong></span> <span class='ocrx_word' id='word_1_557' title='bbox 1458 4293 1551 4341; x_wconf 74' lang='lat' dir='ltr'><strong>iorhon</strong></span> <span class='ocrx_word' id='word_1_558' title='bbox 1593 4293 1674 4344; x_wconf 70' lang='lat' dir='ltr'><strong>dani’e</strong></span> <span class='ocrx_word' id='word_1_559' title='bbox 1715 4293 1794 4342; x_wconf 72' lang='lat' dir='ltr'><strong>cwn’h</strong></span> <span class='ocrx_word' id='word_1_560' title='bbox 1838 4295 1862 4341; x_wconf 85' lang='lat' dir='ltr'><strong>in</strong></span> <span class='ocrx_word' id='word_1_561' title='bbox 1916 4299 1983 4354; x_wconf 77' lang='lat' dir='ltr'><strong>garta</strong></span> <span class='ocrx_word' id='word_1_562' title='bbox 2034 4295 2135 4355; x_wconf 78' lang='lat' dir='ltr'><strong>halgum</strong></span> <span class='ocrx_word' id='word_1_563' title='bbox 2169 4297 2247 4348; x_wconf 55' lang='lat' dir='ltr'><strong>owed</strong></span> 
     </span>
     <span class='ocr_line' id='line_1_37' title="bbox 322 4369 2250 4458; baseline 0.001 -20"><span class='ocrx_word' id='word_1_564' title='bbox 322 4374 427 4438; x_wconf 89' lang='lat' dir='ltr'><strong>dicunt</strong></span> <span class='ocrx_word' id='word_1_565' title='bbox 458 4373 574 4436; x_wconf 87' lang='lat' dir='ltr'><strong>scribae</strong></span> <span class='ocrx_word' id='word_1_566' title='bbox 609 4369 766 4436; x_wconf 88' lang='lat' dir='ltr'><strong>Christum</strong></span> <span class='ocrx_word' id='word_1_567' title='bbox 796 4372 894 4435; x_wconf 91' lang='lat' dir='ltr'><strong>filium</strong></span> <span class='ocrx_word' id='word_1_568' title='bbox 956 4393 1023 4437; x_wconf 88' lang='lat' dir='ltr'><strong>osse</strong></span> <span class='ocrx_word' id='word_1_569' title='bbox 1071 4373 1199 4438; x_wconf 81' lang='lat' dir='ltr'><strong>Dauid?</strong></span> <span class='ocrx_word' id='word_1_570' title='bbox 1252 4372 1301 4436; x_wconf 86' lang='lat'><strong>36.</strong></span> <span class='ocrx_word' id='word_1_571' title='bbox 1338 4370 1411 4457; x_wconf 88' lang='lat' dir='ltr'><strong>Ipse</strong></span> <span class='ocrx_word' id='word_1_572' title='bbox 1463 4371 1546 4436; x_wconf 91' lang='lat' dir='ltr'><strong>enim</strong></span> <span class='ocrx_word' id='word_1_573' title='bbox 1579 4371 1684 4436; x_wconf 87' lang='lat' dir='ltr'><strong>Dauid</strong></span> <span class='ocrx_word' id='word_1_574' title='bbox 1719 4371 1793 4435; x_wconf 88' lang='lat' dir='ltr'><strong>dicit</strong></span> <span class='ocrx_word' id='word_1_575' title='bbox 1832 4373 1863 4434; x_wconf 93' lang='lat' dir='ltr'><strong>in</strong></span> <span class='ocrx_word' id='word_1_576' title='bbox 1895 4372 2002 4458; x_wconf 87' lang='lat' dir='ltr'><strong>spiritu</strong></span> <span class='ocrx_word' id='word_1_577' title='bbox 2033 4386 2138 4438; x_wconf 88' lang='lat' dir='ltr'><strong>sancto</strong></span> <span class='ocrx_word' id='word_1_578' title='bbox 2170 4376 2250 4440; x_wconf 87' lang='lat' dir='ltr'><strong>dixit</strong></span> 
     </span>
    </p>
   </div>
   <div class='ocr_carea' id='block_1_20' title="bbox 322 4524 2246 4692">
    <p class='ocr_par' dir='ltr' id='par_1_20' title="bbox 322 4524 2246 4692">
     <span class='ocr_line' id='line_1_38' title="bbox 368 4524 2214 4577; baseline 0 -2"><span class='ocrx_word' id='word_1_579' title='bbox 368 4528 422 4575; x_wconf 88' lang='lat' dir='ltr'><strong>drih</strong></span> <span class='ocrx_word' id='word_1_580' title='bbox 510 4525 607 4574; x_wconf 88' lang='lat' dir='ltr'><strong>drihtne</strong></span> <span class='ocrx_word' id='word_1_581' title='bbox 650 4525 720 4573; x_wconf 81' lang='lat' dir='ltr'><strong>minu</strong></span> <span class='ocrx_word' id='word_1_582' title='bbox 766 4524 813 4573; x_wconf 86' lang='lat' dir='ltr'><strong>sito</strong></span> <span class='ocrx_word' id='word_1_583' title='bbox 854 4539 887 4572; x_wconf 91' lang='lat' dir='ltr'><strong>on</strong></span> <span class='ocrx_word' id='word_1_584' title='bbox 924 4526 976 4576; x_wconf 72' lang='lat' dir='ltr'><strong>&#39;ont</strong></span> <span class='ocrx_word' id='word_1_585' title='bbox 994 4527 1104 4577; x_wconf 72' lang='lat' dir='ltr'><strong>swihrnn</strong></span> <span class='ocrx_word' id='word_1_586' title='bbox 1140 4527 1193 4576; x_wconf 88' lang='lat' dir='ltr'><strong>min</strong></span> <span class='ocrx_word' id='word_1_587' title='bbox 1229 4525 1319 4576; x_wconf 70' lang='lat' dir='ltr'><strong>osser</strong></span> <span class='ocrx_word' id='word_1_588' title='bbox 1356 4527 1382 4574; x_wconf 90' lang='lat' dir='ltr'><strong>ih</strong></span> <span class='ocrx_word' id='word_1_589' title='bbox 1399 4531 1463 4573; x_wconf 87' lang='lat' dir='ltr'><strong>setto</strong></span> <span class='ocrx_word' id='word_1_590' title='bbox 1519 4525 1617 4575; x_wconf 79' lang='lat' dir='ltr'><strong>fiendas</strong></span> <span class='ocrx_word' id='word_1_591' title='bbox 1671 4525 1734 4574; x_wconf 73' lang='lat' dir='ltr'><strong>&#39;hine</strong></span> <span class='ocrx_word' id='word_1_592' title='bbox 1777 4526 1924 4574; x_wconf 80' lang='lat' dir='ltr'><strong>iootscomnl</strong></span> <span class='ocrx_word' id='word_1_593' title='bbox 2002 4527 2054 4574; x_wconf 82' lang='lat' dir='ltr'><strong>iota</strong></span> <span class='ocrx_word' id='word_1_594' title='bbox 2139 4527 2214 4577; x_wconf 68' lang='lat' dir='ltr'><strong>&#39;eiuro</strong></span> 
     </span>
     <span class='ocr_line' id='line_1_39' title="bbox 322 4604 2246 4692; baseline 0.001 -22"><span class='ocrx_word' id='word_1_595' title='bbox 322 4607 463 4670; x_wconf 89' lang='lat' dir='ltr'><strong>dominus</strong></span> <span class='ocrx_word' id='word_1_596' title='bbox 495 4606 619 4669; x_wconf 91' lang='lat' dir='ltr'><strong>domino</strong></span> <span class='ocrx_word' id='word_1_597' title='bbox 652 4626 721 4666; x_wconf 86' lang='lat' dir='ltr'><strong>meo</strong></span> <span class='ocrx_word' id='word_1_598' title='bbox 756 4605 828 4668; x_wconf 88' lang='lat' dir='ltr'><strong>sedo</strong></span> <span class='ocrx_word' id='word_1_599' title='bbox 860 4629 877 4667; x_wconf 88' lang='lat' dir='ltr'><strong>a</strong></span> <span class='ocrx_word' id='word_1_600' title='bbox 957 4607 1072 4670; x_wconf 87' lang='lat' dir='ltr'><strong>dextris</strong></span> <span class='ocrx_word' id='word_1_601' title='bbox 1125 4607 1201 4670; x_wconf 91' lang='lat' dir='ltr'><strong>meis</strong></span> <span class='ocrx_word' id='word_1_602' title='bbox 1223 4605 1322 4670; x_wconf 87' lang='lat' dir='ltr'><strong>donec</strong></span> <span class='ocrx_word' id='word_1_603' title='bbox 1352 4626 1466 4692; x_wconf 90' lang='lat' dir='ltr'><strong>ponam</strong></span> <span class='ocrx_word' id='word_1_604' title='bbox 1497 4604 1636 4669; x_wconf 88' lang='lat' dir='ltr'><strong>inimicos</strong></span> <span class='ocrx_word' id='word_1_605' title='bbox 1667 4616 1736 4669; x_wconf 88' lang='lat' dir='ltr'><strong>tuos</strong></span> <span class='ocrx_word' id='word_1_606' title='bbox 1768 4604 1936 4668; x_wconf 78' lang='lat' dir='ltr'><strong>scabellum</strong></span> <span class='ocrx_word' id='word_1_607' title='bbox 1968 4605 2079 4692; x_wconf 90' lang='lat' dir='ltr'><strong>pedum</strong></span> <span class='ocrx_word' id='word_1_608' title='bbox 2114 4616 2246 4672; x_wconf 87' lang='lat' dir='ltr'><strong>tuorum.</strong></span> 
     </span>
    </p>
   </div>
   <div class='ocr_carea' id='block_1_21' title="bbox 260 4735 2248 4924">
    <p class='ocr_par' dir='ltr' id='par_1_21' title="bbox 260 4735 2248 4924">
     <span class='ocr_line' id='line_1_40' title="bbox 398 4735 2240 4817; baseline 0.002 -10"><span class='ocrx_word' id='word_1_609' title='bbox 398 4759 431 4808; x_wconf 78' lang='lat' dir='ltr'><strong>&#39;be</strong></span> <span class='ocrx_word' id='word_1_610' title='bbox 449 4761 496 4806; x_wconf 80' lang='lat' dir='ltr'><strong>ileu</strong></span> <span class='ocrx_word' id='word_1_611' title='bbox 530 4760 623 4809; x_wconf 69' lang='lat' dir='ltr'><strong>[oreon</strong></span> <span class='ocrx_word' id='word_1_612' title='bbox 669 4757 750 4808; x_wconf 73' lang='lat' dir='ltr'><strong>dani&#39;o</strong></span> <span class='ocrx_word' id='word_1_613' title='bbox 799 4758 877 4808; x_wconf 68' lang='lat' dir='ltr'><strong>ereb</strong></span> <span class='ocrx_word' id='word_1_614' title='bbox 920 4759 972 4808; x_wconf 90' lang='lat' dir='ltr'><strong>him</strong></span> <span class='ocrx_word' id='word_1_615' title='bbox 1066 4759 1122 4808; x_wconf 89' lang='lat' dir='ltr'><strong>drih</strong></span> <span class='ocrx_word' id='word_1_616' title='bbox 1207 4755 1223 4816; x_wconf 68' lang='grc' dir='ltr'><strong><em>Ἰ</em></strong></span> <span class='ocrx_word' id='word_1_617' title='bbox 1261 4758 1348 4805; x_wconf 84' lang='lat' dir='ltr'><strong>hwona</strong></span> <span class='ocrx_word' id='word_1_618' title='bbox 1390 4761 1411 4806; x_wconf 89' lang='lat' dir='ltr'><strong>is</strong></span> <span class='ocrx_word' id='word_1_619' title='bbox 1464 4771 1530 4806; x_wconf 88' lang='lat' dir='ltr'><strong>sunu</strong></span> <span class='ocrx_word' id='word_1_620' title='bbox 1581 4759 1619 4806; x_wconf 91' lang='lat' dir='ltr'><strong>his</strong></span> <span class='ocrx_word' id='word_1_621' title='bbox 1698 4756 1714 4817; x_wconf 70' lang='lat' dir='ltr'>J</span> <span class='ocrx_word' id='word_1_622' title='bbox 1756 4760 1855 4816; x_wconf 77' lang='lat' dir='ltr'><strong>menige</strong></span> <span class='ocrx_word' id='word_1_623' title='bbox 1892 4757 1992 4807; x_wconf 71' lang='lat' dir='ltr'><strong>’erentes</strong></span> <span class='ocrx_word' id='word_1_624' title='bbox 2027 4761 2084 4807; x_wconf 78' lang='lat' dir='ltr'><strong>hius</strong></span> <span class='ocrx_word' id='word_1_625' title='bbox 2131 4735 2240 4809; x_wconf 83' lang='lat' dir='ltr'><strong>lustlice</strong></span> 
     </span>
     <span class='ocr_line' id='line_1_41' title="bbox 260 4831 2248 4924; baseline -0.001 -18"><span class='ocrx_word' id='word_1_626' title='bbox 260 4842 301 4906; x_wconf 79' lang='lat'><strong>‘20</strong></span> <span class='ocrx_word' id='word_1_627' title='bbox 322 4841 372 4902; x_wconf 74' lang='grc'><strong>37.</strong></span> <span class='ocrx_word' id='word_1_628' title='bbox 408 4837 481 4924; x_wconf 89' lang='lat' dir='ltr'><strong>Ipse</strong></span> <span class='ocrx_word' id='word_1_629' title='bbox 540 4859 616 4924; x_wconf 87' lang='lat' dir='ltr'><strong>ergo</strong></span> <span class='ocrx_word' id='word_1_630' title='bbox 652 4837 758 4901; x_wconf 87' lang='lat' dir='ltr'><strong>Dauid</strong></span> <span class='ocrx_word' id='word_1_631' title='bbox 801 4837 874 4901; x_wconf 91' lang='lat' dir='ltr'><strong>dicit</strong></span> <span class='ocrx_word' id='word_1_632' title='bbox 911 4861 980 4904; x_wconf 91' lang='lat' dir='ltr'><strong>eum</strong></span> <span class='ocrx_word' id='word_1_633' title='bbox 1015 4839 1172 4902; x_wconf 90' lang='lat' dir='ltr'><strong>dominum</strong></span> <span class='ocrx_word' id='word_1_634' title='bbox 1201 4847 1232 4901; x_wconf 89' lang='lat' dir='ltr'><strong>et</strong></span> <span class='ocrx_word' id='word_1_635' title='bbox 1265 4837 1345 4900; x_wconf 88' lang='lat' dir='ltr'><strong>unde</strong></span> <span class='ocrx_word' id='word_1_636' title='bbox 1376 4848 1422 4900; x_wconf 89' lang='lat' dir='ltr'><strong>est</strong></span> <span class='ocrx_word' id='word_1_637' title='bbox 1457 4839 1538 4902; x_wconf 87' lang='lat' dir='ltr'><strong>filins</strong></span> <span class='ocrx_word' id='word_1_638' title='bbox 1568 4838 1656 4903; x_wconf 80' lang='lat' dir='ltr'><strong>eins‘l</strong></span> <span class='ocrx_word' id='word_1_639' title='bbox 1689 4849 1719 4900; x_wconf 90' lang='lat' dir='ltr'><strong>et</strong></span> <span class='ocrx_word' id='word_1_640' title='bbox 1758 4837 1856 4900; x_wconf 87' lang='lat' dir='ltr'><strong>multa</strong></span> <span class='ocrx_word' id='word_1_641' title='bbox 1874 4831 1878 4842; x_wconf 79' lang='lat'>&#39;</span> <span class='ocrx_word' id='word_1_642' title='bbox 1894 4839 1985 4901; x_wconf 85' lang='lat' dir='ltr'><strong>turba</strong></span> <span class='ocrx_word' id='word_1_643' title='bbox 2015 4859 2084 4902; x_wconf 93' lang='lat' dir='ltr'><strong>enm</strong></span> <span class='ocrx_word' id='word_1_644' title='bbox 2118 4839 2248 4905; x_wconf 81' lang='lat' dir='ltr'><strong>libenter</strong></span> 
     </span>
    </p>
   </div>
   <div class='ocr_carea' id='block_1_22' title="bbox 318 4965 2247 5157">
    <p class='ocr_par' dir='ltr' id='par_1_22' title="bbox 318 4965 2247 5157">
     <span class='ocr_line' id='line_1_42' title="bbox 318 4965 2247 5054; baseline 0.003 -14"><span class='ocrx_word' id='word_1_645' title='bbox 318 4992 439 5054; x_wconf 81' lang='lat' dir='ltr'><strong>giherdun</strong></span> <span class='ocrx_word' id='word_1_646' title='bbox 575 4987 590 5048; x_wconf 71' lang='grc' dir='ltr'><strong><em>Ἰ</em></strong></span> <span class='ocrx_word' id='word_1_647' title='bbox 627 4991 693 5041; x_wconf 77' lang='lat' dir='ltr'><strong>ruhte</strong></span> <span class='ocrx_word' id='word_1_648' title='bbox 710 4991 722 5040; x_wconf 84' lang='lat' dir='ltr'><strong>i</strong></span> <span class='ocrx_word' id='word_1_649' title='bbox 738 4965 811 5040; x_wconf 71' lang='lat' dir='ltr'><strong>larido</strong></span> <span class='ocrx_word' id='word_1_650' title='bbox 849 4992 915 5040; x_wconf 72' lang='lat' dir='ltr'><strong>’dnm</strong></span> <span class='ocrx_word' id='word_1_651' title='bbox 932 4993 943 5039; x_wconf 83' lang='lat' dir='ltr'><strong>h</strong></span> <span class='ocrx_word' id='word_1_652' title='bbox 961 4994 1012 5040; x_wconf 86' lang='lat' dir='ltr'><strong>him</strong></span> <span class='ocrx_word' id='word_1_653' title='bbox 1046 4992 1072 5040; x_wconf 87' lang='lat' dir='ltr'><strong>in</strong></span> <span class='ocrx_word' id='word_1_654' title='bbox 1124 4993 1204 5039; x_wconf 79' lang='lat' dir='ltr'><strong>larum</strong></span> <span class='ocrx_word' id='word_1_655' title='bbox 1266 4991 1304 5038; x_wconf 86' lang='lat' dir='ltr'><strong>his</strong></span> <span class='ocrx_word' id='word_1_656' title='bbox 1339 4989 1451 5038; x_wconf 81' lang='lat' dir='ltr'><strong>bihaldas</strong></span> <span class='ocrx_word' id='word_1_657' title='bbox 1468 4989 1542 5038; x_wconf 76' lang='lat' dir='ltr'><strong>ionih</strong></span> <span class='ocrx_word' id='word_1_658' title='bbox 1577 4991 1641 5038; x_wconf 81' lang='lat' dir='ltr'><strong>from</strong></span> <span class='ocrx_word' id='word_1_659' title='bbox 1675 4991 1809 5040; x_wconf 70' lang='lat' dir='ltr'><strong>uhwutnm</strong></span> <span class='ocrx_word' id='word_1_660' title='bbox 1845 4989 1926 5040; x_wconf 63' lang='lat' dir='ltr'><strong>&#39;habs</strong></span> <span class='ocrx_word' id='word_1_661' title='bbox 1962 4992 2044 5040; x_wconf 72' lang='lat' dir='ltr'><strong>wallas</strong></span> <span class='ocrx_word' id='word_1_662' title='bbox 2088 5006 2120 5041; x_wconf 93' lang='lat' dir='ltr'><strong>on</strong></span> <span class='ocrx_word' id='word_1_663' title='bbox 2156 4995 2247 5044; x_wconf 82' lang='lat' dir='ltr'><strong>stolum</strong></span> 
     </span>
     <span class='ocr_line' id='line_1_43' title="bbox 323 5062 2246 5157; baseline 0.002 -22"><span class='ocrx_word' id='word_1_664' title='bbox 323 5071 446 5135; x_wconf 84' lang='lat' dir='ltr'><strong>audiuit.</strong></span> <span class='ocrx_word' id='word_1_665' title='bbox 489 5069 539 5132; x_wconf 78' lang='lat'><strong>38.</strong></span> <span class='ocrx_word' id='word_1_666' title='bbox 561 5069 602 5134; x_wconf 87' lang='lat' dir='ltr'><strong>Et</strong></span> <span class='ocrx_word' id='word_1_667' title='bbox 653 5070 774 5134; x_wconf 89' lang='lat' dir='ltr'><strong>dicebat</strong></span> <span class='ocrx_word' id='word_1_668' title='bbox 907 5071 950 5136; x_wconf 90' lang='lat' dir='ltr'><strong>eis</strong></span> <span class='ocrx_word' id='word_1_669' title='bbox 1043 5071 1074 5134; x_wconf 92' lang='lat' dir='ltr'><strong>in</strong></span> <span class='ocrx_word' id='word_1_670' title='bbox 1095 5071 1235 5135; x_wconf 85' lang='lat' dir='ltr'><strong>doctrina</strong></span> <span class='ocrx_word' id='word_1_671' title='bbox 1262 5093 1316 5134; x_wconf 89' lang='lat' dir='ltr'><strong>sua</strong></span> <span class='ocrx_word' id='word_1_672' title='bbox 1399 5079 1505 5133; x_wconf 88' lang='lat' dir='ltr'><strong>cauete</strong></span> <span class='ocrx_word' id='word_1_673' title='bbox 1597 5092 1615 5131; x_wconf 89' lang='lat' dir='ltr'><strong>a</strong></span> <span class='ocrx_word' id='word_1_674' title='bbox 1685 5070 1791 5134; x_wconf 86' lang='lat' dir='ltr'><strong>scribis</strong></span> <span class='ocrx_word' id='word_1_675' title='bbox 1854 5071 1907 5157; x_wconf 90' lang='lat' dir='ltr'><strong>qui</strong></span> <span class='ocrx_word' id='word_1_676' title='bbox 1949 5072 2056 5136; x_wconf 91' lang='lat' dir='ltr'><strong>uolunt</strong></span> <span class='ocrx_word' id='word_1_677' title='bbox 2081 5062 2120 5136; x_wconf 85' lang='lat' dir='ltr'><strong>in</strong></span> <span class='ocrx_word' id='word_1_678' title='bbox 2162 5075 2246 5138; x_wconf 90' lang='lat' dir='ltr'><strong>stolis</strong></span> 
     </span>
    </p>
   </div>
   <div class='ocr_carea' id='block_1_23' title="bbox 316 5219 2247 5392">
    <p class='ocr_par' dir='ltr' id='par_1_23' title="bbox 316 5219 2247 5392">
     <span class='ocr_line' id='line_1_44' title="bbox 359 5219 2243 5288; baseline 0.002 -16"><span class='ocrx_word' id='word_1_679' title='bbox 359 5238 438 5286; x_wconf 76' lang='lat' dir='ltr'><strong>gorga</strong></span> <span class='ocrx_word' id='word_1_680' title='bbox 514 5219 530 5280; x_wconf 67' lang='grc' dir='ltr'><strong><em>Ἰ</em></strong></span> <span class='ocrx_word' id='word_1_681' title='bbox 586 5223 722 5284; x_wconf 79' lang='lat' dir='ltr'><strong>wilcumign</strong></span> <span class='ocrx_word' id='word_1_682' title='bbox 739 5224 750 5272; x_wconf 86' lang='lat' dir='ltr'><strong>i</strong></span> <span class='ocrx_word' id='word_1_683' title='bbox 766 5233 851 5284; x_wconf 77' lang='lat' dir='ltr'><strong>grosta</strong></span> <span class='ocrx_word' id='word_1_684' title='bbox 894 5238 926 5272; x_wconf 91' lang='lat' dir='ltr'><strong>on</strong></span> <span class='ocrx_word' id='word_1_685' title='bbox 974 5238 1056 5286; x_wconf 84' lang='lat' dir='ltr'><strong>spreos</strong></span> <span class='ocrx_word' id='word_1_686' title='bbox 1209 5222 1226 5282; x_wconf 77' lang='grc' dir='ltr'><strong><em>Ἰ</em></strong></span> <span class='ocrx_word' id='word_1_687' title='bbox 1271 5239 1304 5272; x_wconf 87' lang='lat' dir='ltr'><strong>on</strong></span> <span class='ocrx_word' id='word_1_688' title='bbox 1342 5225 1406 5273; x_wconf 68' lang='lat' dir='ltr'><strong>&#39;erem</strong></span> <span class='ocrx_word' id='word_1_689' title='bbox 1423 5219 1604 5273; x_wconf 71' lang='lat' dir='ltr'><strong>iosrbmestunr</strong></span> <span class='ocrx_word' id='word_1_690' title='bbox 1659 5224 1765 5274; x_wconf 84' lang='lat' dir='ltr'><strong>sentium</strong></span> <span class='ocrx_word' id='word_1_691' title='bbox 1851 5226 1910 5276; x_wconf 75' lang='lat' dir='ltr'><strong>aiter</strong></span> <span class='ocrx_word' id='word_1_692' title='bbox 1961 5227 1988 5274; x_wconf 92' lang='lat' dir='ltr'><strong>iu</strong></span> <span class='ocrx_word' id='word_1_693' title='bbox 2035 5230 2177 5288; x_wconf 74' lang='lat' dir='ltr'><strong>somnnngu</strong></span> <span class='ocrx_word' id='word_1_694' title='bbox 2227 5225 2243 5285; x_wconf 70' lang='grc' dir='ltr'><strong><em>Ἰ</em></strong></span> 
     </span>
     <span class='ocr_line' id='line_1_45' title="bbox 316 5302 2247 5392; baseline 0.001 -25"><span class='ocrx_word' id='word_1_695' title='bbox 316 5304 474 5370; x_wconf 84' lang='lat' dir='ltr'><strong>ambulare</strong></span> <span class='ocrx_word' id='word_1_696' title='bbox 510 5311 540 5366; x_wconf 90' lang='lat' dir='ltr'><strong>et</strong></span> <span class='ocrx_word' id='word_1_697' title='bbox 659 5302 783 5366; x_wconf 85' lang='lat' dir='ltr'><strong>salutari</strong></span> <span class='ocrx_word' id='word_1_698' title='bbox 892 5303 924 5366; x_wconf 91' lang='lat' dir='ltr'><strong>in</strong></span> <span class='ocrx_word' id='word_1_699' title='bbox 983 5304 1061 5368; x_wconf 85' lang='lat' dir='ltr'><strong>foro.</strong></span> <span class='ocrx_word' id='word_1_700' title='bbox 1115 5303 1164 5368; x_wconf 85' lang='lat'><strong>39.</strong></span> <span class='ocrx_word' id='word_1_701' title='bbox 1200 5302 1242 5367; x_wconf 86' lang='lat' dir='ltr'><strong>Et</strong></span> <span class='ocrx_word' id='word_1_702' title='bbox 1272 5303 1304 5366; x_wconf 92' lang='lat' dir='ltr'><strong>in</strong></span> <span class='ocrx_word' id='word_1_703' title='bbox 1424 5303 1531 5389; x_wconf 88' lang='lat' dir='ltr'><strong>primis</strong></span> <span class='ocrx_word' id='word_1_704' title='bbox 1636 5303 1789 5368; x_wconf 88' lang='lat' dir='ltr'><strong>cathedris</strong></span> <span class='ocrx_word' id='word_1_705' title='bbox 1821 5303 1928 5370; x_wconf 90' lang='lat' dir='ltr'><strong>sedere</strong></span> <span class='ocrx_word' id='word_1_706' title='bbox 1960 5305 1991 5366; x_wconf 93' lang='lat' dir='ltr'><strong>in</strong></span> <span class='ocrx_word' id='word_1_707' title='bbox 2019 5305 2189 5392; x_wconf 85' lang='lat' dir='ltr'><strong>synagogis</strong></span> <span class='ocrx_word' id='word_1_708' title='bbox 2217 5315 2247 5369; x_wconf 90' lang='lat' dir='ltr'><strong>et</strong></span> 
     </span>
    </p>
   </div>
   <div class='ocr_carea' id='block_1_24' title="bbox 0 0 2494 6304">
    <p class='ocr_par' dir='ltr' id='par_1_24' title="bbox 0 0 2494 6304">
     <span class='ocr_line' id='line_1_46' title="bbox 0 0 2494 6304; baseline 0 6"><span class='ocrx_word' id='word_1_709' title='bbox 0 0 2494 6304; x_wconf 95' lang='lat' dir='ltr'><strong> </strong></span> 
     </span>
    </p>
   </div>
  </div>
 </body>
</html>
