4980 6304
1142 382 1392 458 *10*

353 581 419 630 enee
459 583 526 630 efter
595 580 700 643 cyoniae
818 583 911 629 virtues
1115 584 1141 632 in
1159 583 1243 646 brintg
1276 584 1353 633 hletae
1408 583 1465 633 mi’d
1481 583 1570 646 reeing
1621 584 1760 646 gebernede
1805 580 1821 643 Ἰ
1868 582 1904 633 ’δι
1923 581 2019 644 tagra
2065 577 2282 642 monlglaldllee·

332 660 437 726 dicens
458 669 528 748 post
547 659 754 724 testimonium
775 659 951 724 scribunae.
975 660 1086 726 Iudam
1117 661 1235 725 intincti
1264 662 1352 750 panis
1386 663 1580 748 porrectione
1608 662 1760 750 significat
1791 673 1821 729 et
1851 661 2016 749 discipulos
2051 655 2260 746 multiplieiter

334 797 459 860 getrymed
477 797 526 846 bi’e
710 810 741 845 ne
776 799 812 846 eie
831 799 943 860 gastyrad
978 798 1062 847 beerte
1114 801 1195 847 iuorre
1248 798 1320 849 cuae'e
1357 798 1424 848 ’erem
1442 797 1555 859 'bagnum
1599 800 1622 846 ic
1670 813 1710 848 sm
1746 812 1810 860 noeg
1843 797 2015 848 subtermissa
2048 794 2065 856 Ἰ
2119 785 2156 845 111¹
2196 791 2258 843 ee’ee

345 887 512 943 exortatur.
565 898 662 941 xxxv.
685 874 758 939 Non
790 877 931 941 turbetur
988 900 1041 942 cor
1083 887 1220 942 uestrum
1261 879 1303 942 ait
1380 877 1535 965 discipulis
1577 899 1637 965 ego
1659 899 1728 942 sum
1755 877 1806 941 aria
1877 876 1990 942 ueritas
2044 885 2074 942 et
2103 874 2168 940 uita
2207 872 2259 959 qui

330 1015 415 1076 gemit
450 1028 503 1064 mee
536 1012 626 1076 garira
662 1027 695 1064 aa
730 1014 799 1065 bone
816 1015 890 1065 tader
932 1015 957 1064 ie
995 1014 1022 1063 in
1058 1014 1127 1063 feder
1159 1008 1175 1071 Ἰ
1212 1015 1282 1063 leder
1316 1017 1342 1062 in
1376 1027 1430 1063 mee
1486 1028 1536 1062 sue
1553 1013 1625 1064 bned
1669 1016 1708 1076 gie
1726 1013 1851 1076 gegieueb
1886 1015 1912 1064 ln
1965 1027 2040 1063 nome
2083 1015 2179 1060 minum
2207 1008 2249 1058 ’dtr

333 1095 410 1159 uidit
450 1115 500 1158 me
546 1092 623 1157 uidit
662 1101 693 1157 et
743 1102 870 1180 patrem.
914 1115 973 1180 ego
994 1094 1026 1156 in
1048 1102 1136 1182 patre
1157 1103 1187 1158 et
1207 1103 1295 1180 pater
1315 1093 1347 1157 in
1371 1115 1431 1158 me.
1454 1093 1660 1181 quodcunque
1700 1093 1845 1181 petieritis
1885 1093 1917 1157 in
1946 1093 2071 1157 nomina
2096 1111 2167 1156 mec
2198 1087 2257 1152 boa

331 1249 355 1297 le
371 1248 443 1297 dcam
670 1245 801 1296 latendum
852 1247 911 1296 bine
964 1247 1075 1309 tegnam
1110 1287 1117 1303 .
1161 1245 1291 1308 ἸΜδοᾱο
1360 1247 1512 1297 haldendum
1589 1246 1702 1296 rummbd
1788 1247 1876 1308 gebebt
1928 1249 1992 1296 trom
2025 1247 2093 1296 leder
2126 1255 2256 1303 noerege·

331 1327 449 1391 faciam.
492 1347 603 1390 xxxvr.
625 1325 836 1412 Diligentibus
867 1347 901 1390 se
943 1324 1098 1414 discipulis
1118 1325 1323 1414 mandataque
1343 1327 1536 1392 sernentibus
1555 1325 1744 1414 paracletum
1764 1326 1913 1412 promittit
1954 1349 1972 1389 a
2014 1334 2101 1412 petre
2139 1323 2257 1387 mitten-

334 1480 428 1531 eended
496 1477 655 1539 luunende
724 1479 781 1529 mi'o
815 1480 869 1528 him
903 1479 930 1526 in
1000 1492 1085 1527 eenase
1155 1475 1252 1537 jhine
1316 1479 1354 1528 sib
1406 1481 1513 1542 geseella
1546 1479 1598 1528 him
1666 1476 1740 1539 lsib
1859 1468 1920 1528 llere
2021 1477 2125 1540 gebeton
2141 1476 2189 1528 bit
2205 1476 2256 1524 ru

293 1563 314 1626 5
347 1560 420 1625 dum
459 1579 699 1645 mansurumque
720 1580 790 1622 cum
822 1559 864 1622 eis
900 1557 932 1621 in
963 1566 1122 1622 aeternum
1152 1579 1247 1644 seque
1276 1579 1384 1645 pacem
1426 1555 1501 1623 dare
1548 1558 1591 1622 eis
1612 1580 1781 1645 pacemque
1800 1559 1974 1644 relinquere
2055 1556 2225 1646 pollicetur.

481 1711 540 1760 bine
574 1711 669 1760 recline
804 1707 820 1769 Ἰ
858 1711 927 1761 ³dom
942 1711 1013 1762 tader
1045 1712 1198 1761 londbuand
1231 1711 1369 1762 euebende
1407 1709 1476 1770 1³62
1487 1712 1548 1774 ’belg
1560 1711 1613 1772 (stc)
1667 1712 1748 1776 palmo
1803 1713 1863 1760 bnte
1887 1712 1945 1761 hine
1979 1711 2041 1760 naht
2075 1711 2118 1758 hle
2151 1720 2256 1771 gecyrre

330 1813 455 1856 xxxvia
488 1789 532 1858 Se
562 1789 662 1877 ipsum
689 1789 784 1854 uitem
805 1799 835 1854 et
873 1799 994 1877 patrem
1041 1791 1210 1877 agricolam
1251 1792 1356 1855 dicens
1383 1790 1611 1878 discipulosque
1629 1790 1769 1877 palmites
1796 1791 1862 1856 sine
1894 1811 1928 1856 se
1965 1791 2043 1856 nibil
2064 1811 2124 1860 eoa
2149 1789 2249 1854 facere

339 1943 416 1991 mage
458 1927 589 1991 getrsme'e
623 1925 640 1988 Ἰ
676 1928 803 1988 menigum
862 1926 983 1974 recidens
1034 1933 1130 1977 costum
1147 1929 1158 1975 t
1176 1929 1260 1976 uisum
1300 1929 1420 1978 tultellice
1455 1929 1507 1977 bim
1593 1930 1648 1977 lutu
1733 1928 1859 1978 inbeene’d
1896 1929 1948 1978 ’δα
1982 1929 2124 1990 boemunge
2158 1941 2246 1989 magon

327 2031 418 2097 posse
455 2017 583 2074 testatur
617 2017 647 2071 et
680 2005 784 2070 multis
810 2004 1000 2070 locutionum
1081 2006 1181 2071 modis
1276 2007 1427 2073 alternam
1448 2007 1491 2073 eis
1512 2007 1707 2072 dilectionem
1727 2006 1860 2072 inculcat
1880 2007 1965 2071 euius
1992 2008 2103 2073 merito
2131 2014 2257 2094 possent

362 2145 504 2196 anabaud
555 2145 597 2194 hie
615 2144 734 2206 gebiddee
784 2144 898 2204 begsetta
1129 2145 1164 2195 ’ee
1182 2146 1228 2195 ilua
1332 2147 1387 2195 lusu
1474 2145 1549 2194 sutbe
1566 2147 1620 2194 last
1713 2144 1807 2196 bebeed
1927 2150 1954 2194 tn
1971 2134 2110 2206 lbygcenne
2168 2141 2246 2192 iareb

334 2225 551 2314 quodcumque
581 2223 725 2312 petierint
759 2223 932 2304 impetrare.
955 2245 1093 2288 xxxvnr.
1108 2224 1249 2289 Eandem
1262 2224 1458 2290 dilectionem
1471 2223 1632 2288 instantius
1654 2223 1871 2290 commendans
1891 2223 2149 2290 contemnendum
2168 2228 2258 2288 docet

336 2366 422 2426 saurga
456 2363 577 2424 middefig
628 2350 726 2410 leenae
793 2360 885 2409 buluco
937 2349 960 2410 le
1018 2360 1057 2408 his
1117 2375 1192 2410 noma
1234 2375 1327 2411 necron
1371 2362 1488 2412 brounde
1533 2357 1550 2422 Ἰ
1586 2351 1752 2436 -Ῑῐῖοῑιοοᾱηο
1829 2357 1932 2409 midden
1975 2363 2010 2408 tre
2060 2360 2164 2410 rumode
2221 2360 2249 2409 ot

328 2444 434 2509 odium
460 2443 571 2507 mundi
597 2439 766 2529 predicens
788 2439 892 2525 qualia
918 2461 976 2526 pro
1004 2440 1069 2504 eius
1096 2441 1222 2505 nomine
1262 2441 1323 2506 sint
1373 2441 1494 2528 passuri
1531 2450 1562 2506 et
1588 2441 1750 2528 argucudfi
1802 2439 1952 2505 mundum
1982 2463 2000 2503 a
2029 2440 2185 2528 paracleto
2216 2437 2255 2502 de

351 2593 430 2643 synna
491 2581 519 2628 ol
550 2577 726 2640 syebfestniee
759 2573 776 2635 Ἰ
818 2578 845 2624 ot
887 2575 959 2625 doma
1036 2576 1158 2629 adesue’e
1397 2579 1460 2639 lytle
1478 2578 1546 2626 huila
1584 2575 1600 2637 Ἰ
1638 2592 1726 2638 geuene
1744 2591 1806 2626 ware
1840 2578 1898 2626 hine
1932 2576 2006 2626 eneti
2040 2578 2104 2626 from
2139 2576 2191 2624 blm
2227 2570 2244 2633 Ἰ

269 2661 310 2726 10
332 2670 458 2747 peccato
480 2659 519 2724 de
586 2656 700 2722 iustitia
758 2665 789 2722 et
809 2655 848 2720 de
868 2655 980 2720 iudicio
1001 2656 1184 2720 manifestat.
1220 2678 1374 2720 xxxvnu.
1394 2655 1553 2720 Modicum
1580 2667 1611 2721 et
1639 2656 1806 2721 uidendum
1858 2676 1892 2720 ee
1913 2654 2005 2734 vdicit
2051 2655 2092 2720 ab
2140 2654 2184 2720 eis
2225 2663 2256 2720 et

334 2789 433 2846 elisam
499 2795 605 2858 lythnon
661 2792 677 2852 Ἰ
729 2807 761 2843 ne
812 2806 870 2843 uere
889 2806 977 2854 gesene
1021 2794 1050 2842 ot
1089 2793 1144 2842 'eon
1218 2793 1368 2842 noscendum
1454 2793 1565 2855 ’bagnum
1673 2793 1768 2853 nugalia
1906 2792 1974 2840 witer
2048 2780 2097 2840 etl
2129 2789 2255 2840 monuisse

327 2877 438 2943 iterum
469 2874 627 2940 modicum
659 2884 689 2938 et
719 2894 783 2938 non
814 2872 982 2937 uidendum
1017 2872 1057 2938 de
1088 2895 1149 2959 quo
1181 2873 1398 2959 quaerentibus
1426 2871 1581 2958 discipulis
1609 2869 1838 2934 similitudinem
1869 2867 2006 2933 mulieris
2032 2878 2103 2955 poet
2133 2878 2256 2956 partum

324 3013 467 3063 nnrotnlsee
522 3000 546 3062 le
598 3011 716 3073 glcdnise
759 3023 790 3059 ne
859 3012 894 3060 eft
913 3010 1046 3072 gemyndig
1097 3009 1208 3060 lnlaedeb
1244 3008 1280 3058 ’ee
1296 3009 1344 3058 ilee
1385 3006 1402 3069 Ἰ
1440 3011 1476 3058 tro
1516 3009 1584 3056 leder
1618 3015 1644 3056 to
1662 3008 1762 3056 lulanne
1812 3007 1933 3068 gebennen
2027 3005 2127 3067 gemas
2197 3005 2255 3055 uine

326 3092 465 3158 tristitiae
494 3113 570 3179 prae
601 3089 716 3178 gaudio
747 3111 811 3154 non
842 3089 1064 3155 reminiscentia
1093 3089 1210 3154 inducit
1259 3111 1336 3175 quos
1378 3099 1408 3154 et
1449 3110 1468 3151 a
1508 3097 1595 3174 patra
1645 3085 1742 3150 amari
1783 3082 1958 3172 significans
1986 3084 2166 3150 corroborat
2201 3105 2236 3149 se

346 3232 380 3280 att
396 3219 475 3279 lletno
529 3226 611 3277 cnee'd
646 3227 674 3275 ln
713 3227 817 3276 middnfl
869 3215 1009 3288 olsui'eung
1051 3227 1090 3286 gie
1107 3225 1192 3275 habeb
1220 3226 1258 3274 ab
1318 3222 1418 3287 gelefa't
1481 3223 1504 3271 ic
1537 3212 1650 3272 lcuomt
1701 3221 1803 3272 middefi
2008 3227 2035 3271 to
2101 3221 2184 3272 taedet
2230 3226 2258 3272 ot

329 3309 493 3376 relicturos
520 3307 625 3372 dicans
646 3306 678 3370 in
705 3303 822 3368 mundo
840 3325 1024 3390 pressuram
1045 3304 1195 3369 babebitis
1216 3305 1271 3370 sed
1292 3303 1436 3368 confidite
1457 3323 1515 3388 ego
1566 3302 1626 3366 uici
1677 3301 1835 3366 mundum.
1897 3323 1948 3363 xa.
1990 3301 2045 3366 Ad
2074 3311 2196 3388 petrem
2216 3302 2257 3367 de

392 3447 490 3496 breniae
574 3444 613 3492 his
649 3455 754 3506 gesprnc
827 3440 923 3501 ’eornm
973 3438 1151 3503 longunge]
1192 3440 1358 3502 monigrallice
1408 3429 1574 3500 fererisylging
1650 3436 1772 3487 bebeedns
1840 3437 1965 3500 throuung
2033 3451 2095 3488 acne
2157 3439 2256 3501 miety

323 3525 541 3591 clarificatione
561 3546 616 3588 sue
636 3522 766 3608 loquens
787 3518 953 3606 discipulos
973 3521 1095 3607 prolixa
1123 3529 1153 3586 et
1179 3519 1362 3584 multimoda
1381 3518 1595 3605 prosecutione
1616 3516 1810 3581 commendat
1828 3516 1970 3604 passione
1989 3516 2129 3603 protinus
2182 3519 2227 3582 in-

330 3665 454 3726 gebiotate
665 3659 782 3709 saleniser
814 3643 818 3650 ’
851 3653 867 3716 Ἰ
905 3655 1052 3718 'brununges
1096 3657 1135 3706 bis
1171 3656 1235 3706 ’derb
1269 3653 1448 3704 endebrednise
1482 3652 1580 3701 uundra
1596 3653 1608 3699 l
1627 3651 1691 3700 dedo
1727 3651 1816 3712 asaegd
1833 3664 1893 3700 eron
2128 3655 2215 3703 erist„

262 3744 301 3808 15
322 3743 466 3807 minente.
523 3763 589 3805 xm.
622 3736 810 3804 Traditionis
839 3757 877 3799 aa
902 3734 1052 3822 passionis
1081 3735 1145 3800 eius
1172 3755 1229 3821 per
1294 3734 1434 3799 ordinem
1537 3740 1624 3818 gesta
1725 3739 1896 3794 narrantur.
1968 3753 2047 3796 xnu.
2089 3732 2256 3799 Resurrec-

487 3879 551 3940 gellc
633 3875 812 3928 aederunieel
846 3874 967 3922 macedan
984 3874 1033 3922 ist
1082 3861 1148 3922 ibon
1205 3873 1283 3920 meria
1317 3871 1364 3921 'elo
1384 3869 1567 3929 magdalenieae
1710 3862 1726 3923 Ἰ
1932 3866 2024 3928 sncge'd
2058 3869 2257 3918 undemlomene

320 3958 412 4025 tionis
444 3957 584 4024 similiter
612 3953 816 4021 manifestatio
849 3952 1024 4018 declaratur
1081 3952 1154 4040 quia
1192 3949 1292 4016 Maria
1353 3946 1541 4036 Magdalene
1581 3945 1675 4010 Petro
1704 3953 1734 4009 et
1758 3943 1891 4008 Iohanni
1922 3945 2041 4010 nuntiat
2078 3947 2236 4013 sublatum

329 4097 437 4148 llehome
472 4098 499 4146 ot
573 4095 699 4156 byrgenne
786 4090 855 4141 ’dam
954 4089 1104 4138 tomandum
1184 4084 1200 4147 Ἰ
1239 4089 1274 4136 ott
1292 4085 1437 4136 cenandum
1473 4083 1508 4133 ’ea
1526 4084 1574 4131 ilce
1609 4075 1655 4131 art
1690 4080 1755 4129 ’baro
1773 4081 1883 4140 angelice
1924 4083 2032 4142 gesih’eo
2074 4098 2175 4146 gerone
2218 4087 2256 4134 tro

321 4197 433 4264 eorpus
464 4174 504 4239 de
533 4179 734 4237 monumento
766 4170 878 4256 quibus
910 4168 1141 4234 occurrentibus
1177 4189 1215 4230 aa
1273 4165 1405 4230 reuersis
1490 4161 1556 4250 ipsa
1596 4168 1667 4248 post
1697 4159 1869 4244 angelicam
1916 4161 2035 4226 cisione
2081 4163 2183 4227 uisum
2226 4187 2245 4227 a

319 4295 371 4411 hini
399 4339 467 4398 ariis
501 4344 661 4397 hluwcende
736 4341 838 4391 lecnord
896 4337 992 4400 mitty
1023 4323 1086 4387 sone
1119 4313 1171 4386 uase
1189 4340 1296 4395 engeten
1330 4335 1433 4396 gehaten
1451 4335 1473 4382 is
1526 4332 1639 4394 tegnam
1690 4276 1851 4394 geseecednne
2052 4330 2149 4394 mrssy
2191 4333 2254 4382 duro

321 4451 355 4494 se
386 4428 460 4492 dfim
508 4426 651 4491 estimans
673 4421 872 4486 hortulanum
907 4439 969 4504 que
1011 4437 1086 4482 mex
1142 4414 1268 4502 cognito
1334 4412 1458 4477 iubetur
1497 4411 1652 4499 discipulis
1694 4407 1842 4472 nuntiare.
1917 4428 2009 4470 xnrrr.
2052 4407 2132 4475 Cum
2171 4411 2255 4476 fores

331 4578 426 4615 noeron
468 4563 547 4627 tyndo
600 4573 708 4611 euomcn
746 4565 773 4607 to
810 4554 1007 4615 santernum
1041 4553 1096 4602 elbb
1137 4551 1254 4614 gebrohte
1289 4549 1346 4598 mi’a
1363 4549 1476 4598 bendum
1509 4545 1622 4609 leogis
1655 4545 1753 4607 mie’ey
1770 4543 1886 4594 areanae
1921 4545 1948 4592 ot
1963 4543 2030 4593 enm
2063 4547 2091 4596 ln
2114 4546 2246 4610 lnbleclng

326 4653 428 4712 esent
449 4643 571 4708 clausae
592 4640 720 4705 ueniens
741 4637 781 4702 ad
830 4632 996 4720 discipulos
1017 4652 1125 4720 pacem
1151 4631 1244 4695 infert
1305 4629 1446 4692 manibus
1485 4627 1643 4712 lateraque
1684 4633 1854 4688 mansueto
1915 4622 2025 4708 quibus
2059 4625 2255 4693 insultatione

336 4777 464 4842 gebeene'd
506 4783 561 4840 gest
593 4775 662 4838 belig
702 4777 737 4823 eft
788 4762 836 4822 ali
870 4769 961 4832 degum
986 4770 1069 4818 abtuu
1258 4766 1407 4824 insecannge
1465 4764 1476 4811 t
1510 4761 1567 4812 rni’d
1579 4760 1876 4824 rlntglmtb'bnebran
1902 4758 2042 4810 ’camalet
2134 4763 2221 4812 bonde

259 4861 302 4926 20
322 4857 475 4947 significat
495 4862 563 4943 spm
592 4863 657 4921 sem
679 4856 753 4920 item
773 4859 844 4940 post
884 4849 949 4914 dies
991 4859 1060 4914 octo
1081 4845 1219 4948 Tbomas
1232 4843 1422 4931 inspectione
1443 4842 1494 4907 uel
1644 4850 1728 4906 tactu
1915 4838 2018 4902 lateris
2051 4861 2088 4903 ac
2103 4862 2254 4908 manuum

321 4993 505 5058 etnegetrymed
523 5007 574 5043 urea
608 4991 756 5069 pgeherde
790 4988 869 5048 eedgo
888 4984 970 5035 bl'enu
1006 4982 1079 5033 ’esea
1113 4997 1145 5031 ne
1197 4993 1305 5042 gesegcu
1347 4976 1363 5039 Ἰ
1435 4978 1552 5041 galardon
1843 4973 1958 5022 edeeude
1998 4975 2056 5023 hlne
2089 4969 2190 5027 el't'aom
2225 4989 2252 5030 to

348 5073 547 5140 confirmatur
622 5071 749 5136 audiam
843 5065 924 5132 beati
1016 5061 1157 5149 quinon
1177 5058 1322 5123 uiderunt
1343 5067 1373 5122 at
1393 5056 1598 5122 crediderunt.
1664 5077 1769 5118 xnnn.
1797 5051 1983 5124 ,Manifestet
2011 5073 2045 5118 ee
2078 5053 2192 5122 iterum
2212 5059 2254 5124 ad

303 5266 324 5310 7.
342 5263 359 5309 l.
377 5271 510 5321 enmunge.
544 5257 758 5310 e.1.trcuende.
796 5261 834 5306 ιο.
852 5257 868 5304 1.
885 5252 1052 5305 notrannus.
1089 5253 1129 5300 lt.
1147 5251 1163 5298 l.
1181 5247 1347 5310 getrymme't.
1386 5251 1425 5296 14.
1444 5249 1460 5296 l.
1477 5246 1603 5295 brehtntse
1623 5243 1783 5293 lberhtnlse.
1804 5244 1934 5305 brucane.
1962 5247 2001 5294 16.
2021 5246 2180 5300 aduenire
2198 5251 2252 5304 ΜΒ.

344 5351 372 5394 at
388 5359 487 5407 mapa.
524 5345 566 5394 le.
583 5344 599 5393 l.
618 5356 671 5393 esse
690 5341 824 5394 existimet.
842 5341 917 5402 mitt
936 5339 988 5390 MS.
