<?xml version="1.0" encoding="UTF-8"?>
<!DOCTYPE html PUBLIC "-//W3C//DTD XHTML 1.0 Transitional//EN"
    "http://www.w3.org/TR/xhtml1/DTD/xhtml1-transitional.dtd">
<html xmlns="http://www.w3.org/1999/xhtml" xml:lang="en" lang="en">
 <head>
  <title>
</title>
<meta http-equiv="Content-Type" content="text/html;charset=utf-8" />
  <meta name='ocr-system' content='tesseract 3.04.00' />
  <meta name='ocr-capabilities' content='ocr_page ocr_carea ocr_par ocr_line ocrx_word'/>
</head>
<body>
  <div class='ocr_page' id='page_1' title='image "./screadungaanglo02boutgoog_0018.png"; bbox 0 0 4980 6304; ppageno 0'>
   <div class='ocr_carea' id='block_1_1' title="bbox 1152 385 1376 460">
    <p class='ocr_par' dir='ltr' id='par_1_1' title="bbox 1152 385 1376 460">
     <span class='ocr_line' id='line_1_1' title="bbox 1152 385 1376 460; baseline -0.004 -23"><span class='ocrx_word' id='word_1_1' title='bbox 1152 385 1376 460; x_wconf 76' lang='lat' dir='ltr'>..g...</span> 
     </span>
    </p>
   </div>
   <div class='ocr_carea' id='block_1_2' title="bbox 334 598 2251 824">
    <p class='ocr_par' dir='ltr' id='par_1_2' title="bbox 334 598 2251 824">
     <span class='ocr_line' id='line_1_2' title="bbox 354 598 2210 718; baseline 0.009 -27"><span class='ocrx_word' id='word_1_2' title='bbox 354 645 471 706; x_wconf 80' lang='lat' dir='ltr'>ceigendo</span> <span class='ocrx_word' id='word_1_3' title='bbox 517 643 600 694; x_wconf 77' lang='lat' dir='ltr'>euoe&#39;t</span> <span class='ocrx_word' id='word_1_4' title='bbox 637 644 707 696; x_wconf 67' lang='lat' dir='ltr'>’tabe</span> <span class='ocrx_word' id='word_1_5' title='bbox 742 645 838 695; x_wconf 80' lang='lat' dir='ltr'>raderes</span> <span class='ocrx_word' id='word_1_6' title='bbox 891 648 985 698; x_wconf 87' lang='lat' dir='ltr'>doende</span> <span class='ocrx_word' id='word_1_7' title='bbox 1089 653 1157 700; x_wconf 75' lang='lat' dir='ltr'>willo</span> <span class='ocrx_word' id='word_1_8' title='bbox 1375 598 1409 718; x_wconf 69' lang='lat' dir='ltr'>bu</span> <span class='ocrx_word' id='word_1_9' title='bbox 1452 655 1507 718; x_wconf 86' lang='lat' dir='ltr'>scip</span> <span class='ocrx_word' id='word_1_10' title='bbox 1569 654 1686 718; x_wconf 79' lang='lat' dir='ltr'>slepands</span> <span class='ocrx_word' id='word_1_11' title='bbox 1737 658 1821 706; x_wconf 73' lang='lat' dir='ltr'>aveht</span> <span class='ocrx_word' id='word_1_12' title='bbox 1839 671 1893 705; x_wconf 76' lang='lat' dir='ltr'>was</span> <span class='ocrx_word' id='word_1_13' title='bbox 1939 659 1975 706; x_wconf 81' lang='lat' dir='ltr'>tro</span> <span class='ocrx_word' id='word_1_14' title='bbox 2078 657 2210 708; x_wconf 79' lang='lat' dir='ltr'>frohtendu</span> 
     </span>
     <span class='ocr_line' id='line_1_3' title="bbox 334 723 2251 824; baseline 0.006 -36"><span class='ocrx_word' id='word_1_15' title='bbox 334 723 488 788; x_wconf 87' lang='lat' dir='ltr'>uocandos</span> <span class='ocrx_word' id='word_1_16' title='bbox 537 724 579 788; x_wconf 88' lang='lat' dir='ltr'>ait</span> <span class='ocrx_word' id='word_1_17' title='bbox 640 725 692 811; x_wconf 93' lang='lat' dir='ltr'>qui</span> <span class='ocrx_word' id='word_1_18' title='bbox 741 727 836 812; x_wconf 93' lang='lat' dir='ltr'>patris</span> <span class='ocrx_word' id='word_1_19' title='bbox 871 727 1000 793; x_wconf 79' lang='lat' dir='ltr'><strong>fecerint</strong></span> <span class='ocrx_word' id='word_1_20' title='bbox 1039 730 1206 795; x_wconf 73' lang='lat' dir='ltr'>uoluntate.</span> <span class='ocrx_word' id='word_1_21' title='bbox 1275 756 1348 796; x_wconf 86' lang='lat' dir='ltr'>xxx.</span> <span class='ocrx_word' id='word_1_22' title='bbox 1376 733 1415 798; x_wconf 94' lang='lat' dir='ltr'>In</span> <span class='ocrx_word' id='word_1_23' title='bbox 1451 735 1522 798; x_wconf 93' lang='lat' dir='ltr'>naui</span> <span class='ocrx_word' id='word_1_24' title='bbox 1550 734 1707 800; x_wconf 89' lang='lat' dir='ltr'>dormiens</span> <span class='ocrx_word' id='word_1_25' title='bbox 1741 735 1891 801; x_wconf 87' lang='lat' dir='ltr'>excitatur</span> <span class='ocrx_word' id='word_1_26' title='bbox 1945 759 1964 800; x_wconf 91' lang='lat' dir='ltr'>a</span> <span class='ocrx_word' id='word_1_27' title='bbox 2010 737 2251 824; x_wconf 79' lang='lat' dir='ltr'>periclitantibus</span> 
     </span>
    </p>
   </div>
   <div class='ocr_carea' id='block_1_3' title="bbox 333 859 2252 1040">
    <p class='ocr_par' dir='ltr' id='par_1_3' title="bbox 333 859 2252 1040">
     <span class='ocr_line' id='line_1_4' title="bbox 338 859 2236 936; baseline 0.007 -27"><span class='ocrx_word' id='word_1_28' title='bbox 338 859 354 919; x_wconf 73' lang='grc' dir='ltr'><strong><em>Ἰ</em></strong></span> <span class='ocrx_word' id='word_1_29' title='bbox 434 863 567 911; x_wconf 79' lang='lat' dir='ltr'>unwoeder</span> <span class='ocrx_word' id='word_1_30' title='bbox 640 877 693 912; x_wconf 81' lang='lat' dir='ltr'>sees</span> <span class='ocrx_word' id='word_1_31' title='bbox 740 863 798 913; x_wconf 78' lang='lat' dir='ltr'>mi&#39;t</span> <span class='ocrx_word' id='word_1_32' title='bbox 815 865 883 913; x_wconf 80' lang='lat' dir='ltr'>word</span> <span class='ocrx_word' id='word_1_33' title='bbox 923 865 1046 926; x_wconf 74' lang='lat' dir='ltr'>gestiorde</span> <span class='ocrx_word' id='word_1_34' title='bbox 1256 865 1346 920; x_wconf 85' lang='lat' dir='ltr'>monna</span> <span class='ocrx_word' id='word_1_35' title='bbox 1400 875 1436 920; x_wconf 79' lang='lat' dir='ltr'>tro</span> <span class='ocrx_word' id='word_1_36' title='bbox 1513 873 1602 922; x_wconf 78' lang='lat' dir='ltr'>diowls</span> <span class='ocrx_word' id='word_1_37' title='bbox 1703 874 1760 923; x_wconf 86' lang='lat' dir='ltr'>bere</span> <span class='ocrx_word' id='word_1_38' title='bbox 1829 877 1929 936; x_wconf 75' lang='lat' dir='ltr'>agemde</span> <span class='ocrx_word' id='word_1_39' title='bbox 1976 873 2047 924; x_wconf 65' lang='lat' dir='ltr'>’tabe</span> <span class='ocrx_word' id='word_1_40' title='bbox 2087 876 2114 922; x_wconf 91' lang='lat' dir='ltr'>in</span> <span class='ocrx_word' id='word_1_41' title='bbox 2159 876 2236 935; x_wconf 70' lang='lat' dir='ltr'>berga</span> 
     </span>
     <span class='ocr_line' id='line_1_5' title="bbox 333 943 2252 1040; baseline 0.006 -34"><span class='ocrx_word' id='word_1_42' title='bbox 333 952 363 1006; x_wconf 90' lang='lat' dir='ltr'>ct</span> <span class='ocrx_word' id='word_1_43' title='bbox 408 947 587 1029; x_wconf 72' lang='lat' dir='ltr'>tempestato</span> <span class='ocrx_word' id='word_1_44' title='bbox 622 943 716 1005; x_wconf 91' lang='lat' dir='ltr'>maris</span> <span class='ocrx_word' id='word_1_45' title='bbox 757 943 853 1008; x_wconf 91' lang='lat' dir='ltr'>uerbo</span> <span class='ocrx_word' id='word_1_46' title='bbox 902 943 1076 1032; x_wconf 79' lang='lat' dir='ltr'>compescit.</span> <span class='ocrx_word' id='word_1_47' title='bbox 1103 968 1190 1010; x_wconf 78' lang='lat' dir='ltr'>xxxi.</span> <span class='ocrx_word' id='word_1_48' title='bbox 1211 945 1379 1014; x_wconf 86' lang='lat' dir='ltr'>Hominem</span> <span class='ocrx_word' id='word_1_49' title='bbox 1407 973 1426 1013; x_wconf 88' lang='lat' dir='ltr'>a</span> <span class='ocrx_word' id='word_1_50' title='bbox 1457 951 1641 1017; x_wconf 89' lang='lat' dir='ltr'>daemonum</span> <span class='ocrx_word' id='word_1_51' title='bbox 1670 953 1794 1040; x_wconf 82' lang='lat' dir='ltr'>legione</span> <span class='ocrx_word' id='word_1_52' title='bbox 1822 954 1941 1018; x_wconf 88' lang='lat' dir='ltr'>curauit</span> <span class='ocrx_word' id='word_1_53' title='bbox 1972 975 2048 1039; x_wconf 88' lang='lat' dir='ltr'>quos</span> <span class='ocrx_word' id='word_1_54' title='bbox 2081 952 2113 1015; x_wconf 93' lang='lat' dir='ltr'>in</span> <span class='ocrx_word' id='word_1_55' title='bbox 2141 975 2252 1039; x_wconf 85' lang='lat' dir='ltr'>porcos</span> 
     </span>
    </p>
   </div>
   <div class='ocr_carea' id='block_1_4' title="bbox 330 1075 2253 1257">
    <p class='ocr_par' dir='ltr' id='par_1_4' title="bbox 330 1075 2253 1257">
     <span class='ocr_line' id='line_1_6' title="bbox 330 1075 2252 1164; baseline 0.007 -38"><span class='ocrx_word' id='word_1_56' title='bbox 330 1091 455 1140; x_wconf 78' lang='lat' dir='ltr'>gsgeonga</span> <span class='ocrx_word' id='word_1_57' title='bbox 514 1076 608 1138; x_wconf 74' lang='lat' dir='ltr'>gelelde</span> <span class='ocrx_word' id='word_1_58' title='bbox 868 1079 952 1128; x_wconf 80' lang='lat' dir='ltr'>foerde</span> <span class='ocrx_word' id='word_1_59' title='bbox 1007 1085 1034 1131; x_wconf 92' lang='lat' dir='ltr'>to</span> <span class='ocrx_word' id='word_1_60' title='bbox 1076 1081 1163 1132; x_wconf 86' lang='lat' dir='ltr'>dohter</span> <span class='ocrx_word' id='word_1_61' title='bbox 1215 1075 1277 1136; x_wconf 80' lang='lat' dir='ltr'>iiras</span> <span class='ocrx_word' id='word_1_62' title='bbox 1331 1103 1392 1137; x_wconf 80' lang='lat' dir='ltr'>wore</span> <span class='ocrx_word' id='word_1_63' title='bbox 1411 1091 1506 1140; x_wconf 77' lang='lat' dir='ltr'>swoebt</span> <span class='ocrx_word' id='word_1_64' title='bbox 1588 1087 1676 1164; x_wconf 64' lang='lat' dir='ltr'>“jswif</span> <span class='ocrx_word' id='word_1_65' title='bbox 1743 1092 1771 1138; x_wconf 83' lang='lat' dir='ltr'>of</span> <span class='ocrx_word' id='word_1_66' title='bbox 1811 1090 1912 1151; x_wconf 78' lang='lat' dir='ltr'>ioming</span> <span class='ocrx_word' id='word_1_67' title='bbox 2001 1090 2088 1140; x_wconf 79' lang='lat' dir='ltr'>bledae</span> <span class='ocrx_word' id='word_1_68' title='bbox 2168 1089 2252 1140; x_wconf 70' lang='lat' dir='ltr'>halab</span> 
     </span>
     <span class='ocr_line' id='line_1_7' title="bbox 371 1155 2253 1257; baseline 0.009 -39"><span class='ocrx_word' id='word_1_69' title='bbox 371 1156 417 1222; x_wconf 88' lang='lat' dir='ltr'>ire</span> <span class='ocrx_word' id='word_1_70' title='bbox 477 1155 635 1221; x_wconf 71' lang='lat' dir='ltr'>concessit</span> <span class='ocrx_word' id='word_1_71' title='bbox 699 1181 799 1222; x_wconf 85' lang='lat' dir='ltr'>xxxn.</span> <span class='ocrx_word' id='word_1_72' title='bbox 831 1158 971 1248; x_wconf 89' lang='lat' dir='ltr'>Pergcns</span> <span class='ocrx_word' id='word_1_73' title='bbox 1002 1161 1043 1225; x_wconf 88' lang='lat' dir='ltr'>ad</span> <span class='ocrx_word' id='word_1_74' title='bbox 1073 1161 1168 1228; x_wconf 89' lang='lat' dir='ltr'>filiam</span> <span class='ocrx_word' id='word_1_75' title='bbox 1207 1164 1280 1230; x_wconf 86' lang='lat' dir='ltr'>Iairi</span> <span class='ocrx_word' id='word_1_76' title='bbox 1311 1169 1516 1233; x_wconf 78' lang='lat' dir='ltr'>suscitandam</span> <span class='ocrx_word' id='word_1_77' title='bbox 1547 1167 1708 1233; x_wconf 88' lang='lat' dir='ltr'>mulierem</span> <span class='ocrx_word' id='word_1_78' title='bbox 1745 1191 1763 1232; x_wconf 90' lang='lat' dir='ltr'>a</span> <span class='ocrx_word' id='word_1_79' title='bbox 1795 1169 1926 1257; x_wconf 90' lang='lat' dir='ltr'>profluio</span> <span class='ocrx_word' id='word_1_80' title='bbox 1962 1170 2120 1257; x_wconf 83' lang='lat' dir='ltr'>sanguinis</span> <span class='ocrx_word' id='word_1_81' title='bbox 2153 1170 2253 1234; x_wconf 89' lang='lat' dir='ltr'>saluat</span> 
     </span>
    </p>
   </div>
   <div class='ocr_carea' id='block_1_5' title="bbox 330 1293 2252 1465">
    <p class='ocr_par' dir='ltr' id='par_1_5' title="bbox 330 1293 2252 1465">
     <span class='ocr_line' id='line_1_8' title="bbox 353 1293 2222 1367; baseline 0.007 -26"><span class='ocrx_word' id='word_1_82' title='bbox 353 1294 488 1343; x_wconf 84' lang='lat' dir='ltr'>auecoende</span> <span class='ocrx_word' id='word_1_83' title='bbox 530 1293 597 1342; x_wconf 74' lang='lat' dir='ltr'>&#39;tem</span> <span class='ocrx_word' id='word_1_84' title='bbox 614 1295 724 1357; x_wconf 76' lang='lat' dir='ltr'>magdne</span> <span class='ocrx_word' id='word_1_85' title='bbox 758 1295 843 1357; x_wconf 71' lang='lat' dir='ltr'>gesald</span> <span class='ocrx_word' id='word_1_86' title='bbox 862 1311 923 1346; x_wconf 81' lang='lat' dir='ltr'>were</span> <span class='ocrx_word' id='word_1_87' title='bbox 957 1298 1053 1347; x_wconf 85' lang='lat' dir='ltr'>bebead</span> <span class='ocrx_word' id='word_1_88' title='bbox 1163 1308 1259 1365; x_wconf 76' lang='lat' dir='ltr'>geestta</span> <span class='ocrx_word' id='word_1_89' title='bbox 1513 1304 1570 1355; x_wconf 76' lang='lat' dir='ltr'>mi&#39;t</span> <span class='ocrx_word' id='word_1_90' title='bbox 1589 1307 1723 1367; x_wconf 77' lang='lat' dir='ltr'>gebroobtd</span> <span class='ocrx_word' id='word_1_91' title='bbox 1785 1306 1876 1355; x_wconf 77' lang='lat' dir='ltr'>mabtu</span> <span class='ocrx_word' id='word_1_92' title='bbox 1945 1305 2042 1357; x_wconf 72' lang='lat' dir='ltr'>sende&#39;t</span> <span class='ocrx_word' id='word_1_93' title='bbox 2127 1308 2222 1356; x_wconf 81' lang='lat' dir='ltr'>tucello</span> 
     </span>
     <span class='ocr_line' id='line_1_9' title="bbox 330 1372 2252 1465; baseline 0.008 -30"><span class='ocrx_word' id='word_1_94' title='bbox 330 1372 506 1438; x_wconf 86' lang='lat' dir='ltr'>resuscitate</span> <span class='ocrx_word' id='word_1_95' title='bbox 567 1373 690 1461; x_wconf 88' lang='lat' dir='ltr'>puellae</span> <span class='ocrx_word' id='word_1_96' title='bbox 809 1374 875 1439; x_wconf 90' lang='lat' dir='ltr'>dari</span> <span class='ocrx_word' id='word_1_97' title='bbox 938 1378 1086 1465; x_wconf 85' lang='lat' dir='ltr'>praecipit</span> <span class='ocrx_word' id='word_1_98' title='bbox 1118 1382 1315 1447; x_wconf 88' lang='lat' dir='ltr'>manducare.</span> <span class='ocrx_word' id='word_1_99' title='bbox 1385 1409 1500 1449; x_wconf 84' lang='lat' dir='ltr'>xxxnr.</span> <span class='ocrx_word' id='word_1_100' title='bbox 1550 1383 1689 1451; x_wconf 89' lang='lat' dir='ltr'>Conlatis</span> <span class='ocrx_word' id='word_1_101' title='bbox 1748 1376 1911 1451; x_wconf 87' lang='lat' dir='ltr'>uirtutibus</span> <span class='ocrx_word' id='word_1_102' title='bbox 1952 1385 2044 1450; x_wconf 87' lang='lat' dir='ltr'>mittit</span> <span class='ocrx_word' id='word_1_103' title='bbox 2089 1386 2252 1451; x_wconf 87' lang='lat' dir='ltr'>duodecim</span> 
     </span>
    </p>
   </div>
   <div class='ocr_carea' id='block_1_6' title="bbox 291 1508 2252 1690">
    <p class='ocr_par' dir='ltr' id='par_1_6' title="bbox 291 1508 2252 1690">
     <span class='ocr_line' id='line_1_10' title="bbox 334 1508 2219 1587; baseline 0.007 -29"><span class='ocrx_word' id='word_1_104' title='bbox 334 1508 387 1585; x_wconf 59' lang='lat' dir='ltr'>“pte</span> <span class='ocrx_word' id='word_1_105' title='bbox 404 1509 518 1558; x_wconf 82' lang='lat' dir='ltr'>bodande</span> <span class='ocrx_word' id='word_1_106' title='bbox 535 1524 598 1560; x_wconf 70' lang='lat' dir='ltr'>vcro</span> <span class='ocrx_word' id='word_1_107' title='bbox 639 1511 785 1562; x_wconf 76' lang='lat' dir='ltr'>belwoendu</span> <span class='ocrx_word' id='word_1_108' title='bbox 862 1514 957 1562; x_wconf 90' lang='lat' dir='ltr'>bodum</span> <span class='ocrx_word' id='word_1_109' title='bbox 1040 1517 1152 1568; x_wconf 76' lang='lat' dir='ltr'>inserena</span> <span class='ocrx_word' id='word_1_110' title='bbox 1386 1536 1500 1572; x_wconf 85' lang='lat' dir='ltr'>mersuuc</span> <span class='ocrx_word' id='word_1_111' title='bbox 1539 1524 1578 1571; x_wconf 84' lang='lat' dir='ltr'>his</span> <span class='ocrx_word' id='word_1_112' title='bbox 1652 1524 1709 1572; x_wconf 80' lang='lat' dir='ltr'>hero</span> <span class='ocrx_word' id='word_1_113' title='bbox 1771 1521 1876 1584; x_wconf 78' lang='lat' dir='ltr'>gebarde</span> <span class='ocrx_word' id='word_1_114' title='bbox 1916 1524 2037 1585; x_wconf 73' lang='lat' dir='ltr'>magdis</span> <span class='ocrx_word' id='word_1_115' title='bbox 2077 1521 2093 1583; x_wconf 69' lang='grc'>1</span> <span class='ocrx_word' id='word_1_116' title='bbox 2156 1525 2219 1587; x_wconf 67' lang='lat' dir='ltr'>apos</span> 
     </span>
     <span class='ocr_line' id='line_1_11' title="bbox 291 1587 2252 1690; baseline 0.007 -37"><span class='ocrx_word' id='word_1_117' title='bbox 291 1591 311 1653; x_wconf 81' lang='lat'>5</span> <span class='ocrx_word' id='word_1_118' title='bbox 353 1587 584 1676; x_wconf 81' lang='lat' dir='ltr'>praedicaturus</span> <span class='ocrx_word' id='word_1_119' title='bbox 627 1591 796 1678; x_wconf 85' lang='lat' dir='ltr'>praeceptis</span> <span class='ocrx_word' id='word_1_120' title='bbox 816 1591 1000 1658; x_wconf 90' lang='lat' dir='ltr'>salutaribus</span> <span class='ocrx_word' id='word_1_121' title='bbox 1021 1595 1182 1662; x_wconf 87' lang='lat' dir='ltr'>institutos.</span> <span class='ocrx_word' id='word_1_122' title='bbox 1225 1623 1352 1665; x_wconf 86' lang='lat' dir='ltr'>xxxnn.</span> <span class='ocrx_word' id='word_1_123' title='bbox 1374 1601 1503 1666; x_wconf 81' lang='lat' dir='ltr'>Famam</span> <span class='ocrx_word' id='word_1_124' title='bbox 1525 1602 1589 1667; x_wconf 88' lang='lat' dir='ltr'>eius</span> <span class='ocrx_word' id='word_1_125' title='bbox 1609 1601 1745 1667; x_wconf 89' lang='lat' dir='ltr'>Herodis</span> <span class='ocrx_word' id='word_1_126' title='bbox 1764 1602 1887 1667; x_wconf 88' lang='lat' dir='ltr'>audisse</span> <span class='ocrx_word' id='word_1_127' title='bbox 1908 1602 2040 1667; x_wconf 73' lang='lat' dir='ltr'>sciemur</span> <span class='ocrx_word' id='word_1_128' title='bbox 2066 1613 2097 1668; x_wconf 88' lang='lat' dir='ltr'>et</span> <span class='ocrx_word' id='word_1_129' title='bbox 2122 1603 2252 1690; x_wconf 89' lang='lat' dir='ltr'>apostoli</span> 
     </span>
    </p>
   </div>
   <div class='ocr_carea' id='block_1_7' title="bbox 328 1727 2252 1906">
    <p class='ocr_par' dir='ltr' id='par_1_7' title="bbox 328 1727 2252 1906">
     <span class='ocr_line' id='line_1_12' title="bbox 328 1727 2218 1796; baseline 0.007 -21"><span class='ocrx_word' id='word_1_130' title='bbox 328 1727 469 1788; x_wconf 76' lang='lat' dir='ltr'>gsouosdsn</span> <span class='ocrx_word' id='word_1_131' title='bbox 486 1730 538 1776; x_wconf 87' lang='lat' dir='ltr'>sint</span> <span class='ocrx_word' id='word_1_132' title='bbox 572 1727 643 1777; x_wconf 65' lang='lat' dir='ltr'>’taba</span> <span class='ocrx_word' id='word_1_133' title='bbox 688 1728 774 1791; x_wconf 85' lang='lat' dir='ltr'>dydon</span> <span class='ocrx_word' id='word_1_134' title='bbox 819 1731 938 1780; x_wconf 70' lang='lat' dir='ltr'>cabrones</span> <span class='ocrx_word' id='word_1_135' title='bbox 955 1733 967 1780; x_wconf 80' lang='lat' dir='ltr'>l</span> <span class='ocrx_word' id='word_1_136' title='bbox 983 1735 1083 1796; x_wconf 75' lang='lat' dir='ltr'>sagdon</span> <span class='ocrx_word' id='word_1_137' title='bbox 1316 1739 1348 1788; x_wconf 79' lang='lat' dir='ltr'>fif</span> <span class='ocrx_word' id='word_1_138' title='bbox 1452 1739 1520 1787; x_wconf 80' lang='lat' dir='ltr'>hlaru</span> <span class='ocrx_word' id='word_1_139' title='bbox 1574 1735 1590 1796; x_wconf 74' lang='grc'>1</span> <span class='ocrx_word' id='word_1_140' title='bbox 1646 1745 1720 1786; x_wconf 83' lang='lat' dir='ltr'>tuam</span> <span class='ocrx_word' id='word_1_141' title='bbox 1806 1741 1870 1788; x_wconf 73' lang='lat' dir='ltr'>naeu</span> <span class='ocrx_word' id='word_1_142' title='bbox 1988 1741 2021 1788; x_wconf 83' lang='lat' dir='ltr'>ru</span> <span class='ocrx_word' id='word_1_143' title='bbox 2125 1753 2218 1790; x_wconf 86' lang='lat' dir='ltr'>monuo</span> 
     </span>
     <span class='ocr_line' id='line_1_13' title="bbox 359 1805 2252 1906; baseline 0.006 -36"><span class='ocrx_word' id='word_1_144' title='bbox 359 1805 502 1871; x_wconf 90' lang='lat' dir='ltr'>dicuntur</span> <span class='ocrx_word' id='word_1_145' title='bbox 564 1830 643 1893; x_wconf 88' lang='lat' dir='ltr'>quae</span> <span class='ocrx_word' id='word_1_146' title='bbox 663 1809 801 1874; x_wconf 87' lang='lat' dir='ltr'>fecerant</span> <span class='ocrx_word' id='word_1_147' title='bbox 869 1811 1032 1878; x_wconf 88' lang='lat' dir='ltr'>rettulisse.</span> <span class='ocrx_word' id='word_1_148' title='bbox 1136 1839 1229 1880; x_wconf 89' lang='lat' dir='ltr'><strong>xxxv.</strong></span> <span class='ocrx_word' id='word_1_149' title='bbox 1251 1816 1398 1904; x_wconf 86' lang='lat' dir='ltr'>Quinque</span> <span class='ocrx_word' id='word_1_150' title='bbox 1418 1817 1548 1906; x_wconf 90' lang='lat' dir='ltr'>panibus</span> <span class='ocrx_word' id='word_1_151' title='bbox 1569 1827 1599 1883; x_wconf 89' lang='lat' dir='ltr'>et</span> <span class='ocrx_word' id='word_1_152' title='bbox 1620 1816 1740 1882; x_wconf 88' lang='lat' dir='ltr'>duobus</span> <span class='ocrx_word' id='word_1_153' title='bbox 1767 1817 1901 1904; x_wconf 89' lang='lat' dir='ltr'>piscibus</span> <span class='ocrx_word' id='word_1_154' title='bbox 1929 1819 2065 1905; x_wconf 91' lang='lat' dir='ltr'>quinque</span> <span class='ocrx_word' id='word_1_155' title='bbox 2091 1819 2252 1883; x_wconf 90' lang='lat' dir='ltr'>bominum</span> 
     </span>
    </p>
   </div>
   <div class='ocr_carea' id='block_1_8' title="bbox 329 1944 2251 2128">
    <p class='ocr_par' dir='ltr' id='par_1_8' title="bbox 329 1944 2251 2128">
     <span class='ocr_line' id='line_1_14' title="bbox 329 1944 2012 2018; baseline 0.006 -24"><span class='ocrx_word' id='word_1_156' title='bbox 329 1944 444 1995; x_wconf 67' lang='lat' dir='ltr'>busendo</span> <span class='ocrx_word' id='word_1_157' title='bbox 478 1946 576 2007; x_wconf 76' lang='lat' dir='ltr'>getylde</span> <span class='ocrx_word' id='word_1_158' title='bbox 791 1950 960 2009; x_wconf 77' lang='lat' dir='ltr'>genagnende</span> <span class='ocrx_word' id='word_1_159' title='bbox 1008 1950 1045 2000; x_wconf 76' lang='lat' dir='ltr'>’te</span> <span class='ocrx_word' id='word_1_160' title='bbox 1063 1950 1158 2013; x_wconf 74' lang='lat' dir='ltr'>’tegnas</span> <span class='ocrx_word' id='word_1_161' title='bbox 1194 1953 1262 2003; x_wconf 77' lang='lat' dir='ltr'>’tone</span> <span class='ocrx_word' id='word_1_162' title='bbox 1275 1955 1287 2003; x_wconf 77' lang='lat'><strong>1</strong></span> <span class='ocrx_word' id='word_1_163' title='bbox 1300 1956 1418 2004; x_wconf 86' lang='lat' dir='ltr'>huoelcne</span> <span class='ocrx_word' id='word_1_164' title='bbox 1457 1955 1515 2004; x_wconf 82' lang='lat' dir='ltr'>bine</span> <span class='ocrx_word' id='word_1_165' title='bbox 1587 1956 1698 2005; x_wconf 85' lang='lat' dir='ltr'>euoeden</span> <span class='ocrx_word' id='word_1_166' title='bbox 1789 1969 1863 2004; x_wconf 87' lang='lat' dir='ltr'>menn</span> <span class='ocrx_word' id='word_1_167' title='bbox 1955 1957 2012 2018; x_wconf 68' lang='lat' dir='ltr'>pet?</span> 
     </span>
     <span class='ocr_line' id='line_1_15' title="bbox 344 2023 2251 2128; baseline 0.006 -40"><span class='ocrx_word' id='word_1_168' title='bbox 344 2023 429 2088; x_wconf 91' lang='lat' dir='ltr'>milia</span> <span class='ocrx_word' id='word_1_169' title='bbox 470 2033 593 2089; x_wconf 89' lang='lat' dir='ltr'>saturat.</span> <span class='ocrx_word' id='word_1_170' title='bbox 636 2026 977 2128; x_wconf 81' lang='lat' dir='ltr'>xxxv1.Interroganti</span> <span class='ocrx_word' id='word_1_171' title='bbox 1006 2030 1172 2118; x_wconf 90' lang='lat' dir='ltr'>discipulos</span> <span class='ocrx_word' id='word_1_172' title='bbox 1263 2054 1356 2118; x_wconf 91' lang='lat' dir='ltr'>quem</span> <span class='ocrx_word' id='word_1_173' title='bbox 1450 2056 1521 2099; x_wconf 94' lang='lat' dir='ltr'>eum</span> <span class='ocrx_word' id='word_1_174' title='bbox 1578 2035 1714 2101; x_wconf 87' lang='lat' dir='ltr'>dicerent</span> <span class='ocrx_word' id='word_1_175' title='bbox 1753 2034 1895 2100; x_wconf 90' lang='lat' dir='ltr'>homines</span> <span class='ocrx_word' id='word_1_176' title='bbox 1924 2035 2035 2100; x_wconf 91' lang='lat' dir='ltr'>Petrus</span> <span class='ocrx_word' id='word_1_177' title='bbox 2073 2035 2137 2125; x_wconf 77' lang='lat' dir='ltr'>[fol.</span> <span class='ocrx_word' id='word_1_178' title='bbox 2162 2035 2251 2126; x_wconf 78' lang='lat' dir='ltr'>132b]</span> 
     </span>
    </p>
   </div>
   <div class='ocr_carea' id='block_1_9' title="bbox 327 2155 2251 2337">
    <p class='ocr_par' dir='ltr' id='par_1_9' title="bbox 327 2155 2251 2337">
     <span class='ocr_line' id='line_1_16' title="bbox 327 2155 2251 2247; baseline 0.008 -39"><span class='ocrx_word' id='word_1_179' title='bbox 327 2161 499 2222; x_wconf 79' lang='lat' dir='ltr'>geonduearde</span> <span class='ocrx_word' id='word_1_180' title='bbox 534 2163 608 2211; x_wconf 85' lang='lat' dir='ltr'>criste</span> <span class='ocrx_word' id='word_1_181' title='bbox 641 2164 717 2244; x_wconf 60' lang='lat' dir='ltr'>godes</span> <span class='ocrx_word' id='word_1_182' title='bbox 753 2165 803 2214; x_wconf 67' lang='lat' dir='ltr'>sot</span> <span class='ocrx_word' id='word_1_183' title='bbox 843 2167 872 2214; x_wconf 88' lang='lat' dir='ltr'>he</span> <span class='ocrx_word' id='word_1_184' title='bbox 959 2155 1065 2228; x_wconf 75' lang='lat' dir='ltr'>feeaegde</span> <span class='ocrx_word' id='word_1_185' title='bbox 1134 2171 1191 2218; x_wconf 82' lang='lat' dir='ltr'>hine</span> <span class='ocrx_word' id='word_1_186' title='bbox 1234 2171 1364 2220; x_wconf 75' lang='lat' dir='ltr'>’orouende</span> <span class='ocrx_word' id='word_1_187' title='bbox 1602 2171 1681 2222; x_wconf 76' lang='lat' dir='ltr'>lare’t</span> <span class='ocrx_word' id='word_1_188' title='bbox 1715 2169 1767 2247; x_wconf 51' lang='lat' dir='ltr'>§tc</span> <span class='ocrx_word' id='word_1_189' title='bbox 1800 2170 1859 2220; x_wconf 86' lang='lat' dir='ltr'>hine</span> <span class='ocrx_word' id='word_1_190' title='bbox 1895 2172 2017 2220; x_wconf 75' lang='lat' dir='ltr'>clotena</span> <span class='ocrx_word' id='word_1_191' title='bbox 2026 2173 2098 2222; x_wconf 82' lang='lat' dir='ltr'>buslo</span> <span class='ocrx_word' id='word_1_192' title='bbox 2135 2175 2251 2237; x_wconf 76' lang='lat' dir='ltr'>rylgends</span> 
     </span>
     <span class='ocr_line' id='line_1_17' title="bbox 327 2241 2237 2337; baseline 0.007 -32"><span class='ocrx_word' id='word_1_193' title='bbox 327 2242 486 2328; x_wconf 79' lang='lat' dir='ltr'>respondit</span> <span class='ocrx_word' id='word_1_194' title='bbox 536 2241 601 2328; x_wconf 73' lang='lat' dir='ltr'>Xpi</span> <span class='ocrx_word' id='word_1_195' title='bbox 665 2243 697 2306; x_wconf 93' lang='lat' dir='ltr'>di</span> <span class='ocrx_word' id='word_1_196' title='bbox 761 2253 792 2306; x_wconf 89' lang='lat' dir='ltr'>at</span> <span class='ocrx_word' id='word_1_197' title='bbox 822 2242 888 2331; x_wconf 88' lang='lat' dir='ltr'>ipse</span> <span class='ocrx_word' id='word_1_198' title='bbox 908 2247 1104 2332; x_wconf 88' lang='lat' dir='ltr'>praenuntiat</span> <span class='ocrx_word' id='word_1_199' title='bbox 1142 2270 1177 2314; x_wconf 90' lang='lat' dir='ltr'>se</span> <span class='ocrx_word' id='word_1_200' title='bbox 1218 2272 1389 2337; x_wconf 88' lang='lat' dir='ltr'>passurum.</span> <span class='ocrx_word' id='word_1_201' title='bbox 1441 2250 1687 2316; x_wconf 87' lang='lat' dir='ltr'>xxxv11.Dooet</span> <span class='ocrx_word' id='word_1_202' title='bbox 1726 2261 1761 2315; x_wconf 92' lang='lat' dir='ltr'>ut</span> <span class='ocrx_word' id='word_1_203' title='bbox 1796 2273 1867 2316; x_wconf 92' lang='lat' dir='ltr'>eum</span> <span class='ocrx_word' id='word_1_204' title='bbox 1941 2252 2070 2337; x_wconf 91' lang='lat' dir='ltr'>quisque</span> <span class='ocrx_word' id='word_1_205' title='bbox 2152 2276 2237 2318; x_wconf 90' lang='lat' dir='ltr'>secu·</span> 
     </span>
    </p>
   </div>
   <div class='ocr_carea' id='block_1_10' title="bbox 328 2379 2251 2472">
    <p class='ocr_par' dir='ltr' id='par_1_10' title="bbox 328 2379 2251 2472">
     <span class='ocr_line' id='line_1_18' title="bbox 328 2379 2251 2472; baseline 0.007 -46"><span class='ocrx_word' id='word_1_206' title='bbox 328 2379 385 2427; x_wconf 87' lang='lat' dir='ltr'>hine</span> <span class='ocrx_word' id='word_1_207' title='bbox 404 2393 481 2428; x_wconf 82' lang='lat' dir='ltr'>waere</span> <span class='ocrx_word' id='word_1_208' title='bbox 535 2393 629 2428; x_wconf 83' lang='lat' dir='ltr'>onsaca</span> <span class='ocrx_word' id='word_1_209' title='bbox 682 2381 739 2429; x_wconf 85' lang='lat' dir='ltr'>bine</span> <span class='ocrx_word' id='word_1_210' title='bbox 792 2382 886 2441; x_wconf 80' lang='lat' dir='ltr'>sqolrnc</span> <span class='ocrx_word' id='word_1_211' title='bbox 920 2379 936 2442; x_wconf 68' lang='grc' dir='ltr'><strong><em>Ἰ</em></strong></span> <span class='ocrx_word' id='word_1_212' title='bbox 1007 2398 1077 2433; x_wconf 87' lang='lat' dir='ltr'>sume</span> <span class='ocrx_word' id='word_1_213' title='bbox 1163 2400 1194 2436; x_wconf 88' lang='lat' dir='ltr'>ne</span> <span class='ocrx_word' id='word_1_214' title='bbox 1229 2401 1316 2450; x_wconf 79' lang='lat' dir='ltr'>gescgo</span> <span class='ocrx_word' id='word_1_215' title='bbox 1335 2389 1376 2437; x_wconf 84' lang='lat' dir='ltr'>hia</span> <span class='ocrx_word' id='word_1_216' title='bbox 1410 2388 1494 2438; x_wconf 75' lang='lat' dir='ltr'>cuostt</span> <span class='ocrx_word' id='word_1_217' title='bbox 1546 2389 1613 2438; x_wconf 74' lang='lat' dir='ltr'>aeae</span> <span class='ocrx_word' id='word_1_218' title='bbox 1672 2385 1770 2462; x_wconf 52' lang='lat' dir='ltr'>wi&#39;tp</span> <span class='ocrx_word' id='word_1_219' title='bbox 1813 2401 1897 2450; x_wconf 78' lang='lat' dir='ltr'>gessae</span> <span class='ocrx_word' id='word_1_220' title='bbox 1983 2393 2018 2438; x_wconf 85' lang='lat' dir='ltr'>ric</span> <span class='ocrx_word' id='word_1_221' title='bbox 2087 2389 2164 2472; x_wconf 65' lang='lat' dir='ltr'>godes</span> <span class='ocrx_word' id='word_1_222' title='bbox 2188 2403 2251 2440; x_wconf 81' lang='lat' dir='ltr'>sona</span> 
     </span>
    </p>
   </div>
   <div class='ocr_carea' id='block_1_11' title="bbox 348 2459 2250 2555">
    <p class='ocr_par' dir='ltr' id='par_1_11' title="bbox 348 2459 2250 2555">
     <span class='ocr_line' id='line_1_19' title="bbox 348 2459 2250 2555; baseline 0.007 -34"><span class='ocrx_word' id='word_1_223' title='bbox 348 2469 434 2522; x_wconf 90' lang='lat' dir='ltr'>turus</span> <span class='ocrx_word' id='word_1_224' title='bbox 516 2459 650 2545; x_wconf 84' lang='lat' dir='ltr'>abneget</span> <span class='ocrx_word' id='word_1_225' title='bbox 670 2460 886 2549; x_wconf 90' lang='lat' dir='ltr'>semetipsum</span> <span class='ocrx_word' id='word_1_226' title='bbox 915 2472 946 2528; x_wconf 90' lang='lat' dir='ltr'>et</span> <span class='ocrx_word' id='word_1_227' title='bbox 971 2464 1120 2549; x_wconf 89' lang='lat' dir='ltr'>quosdam</span> <span class='ocrx_word' id='word_1_228' title='bbox 1142 2486 1206 2530; x_wconf 93' lang='lat' dir='ltr'>non</span> <span class='ocrx_word' id='word_1_229' title='bbox 1245 2466 1363 2532; x_wconf 89' lang='lat' dir='ltr'>uisuros</span> <span class='ocrx_word' id='word_1_230' title='bbox 1426 2467 1468 2530; x_wconf 90' lang='lat' dir='ltr'>ait</span> <span class='ocrx_word' id='word_1_231' title='bbox 1522 2472 1623 2532; x_wconf 81' lang='lat' dir='ltr'>morte</span> <span class='ocrx_word' id='word_1_232' title='bbox 1667 2467 1766 2533; x_wconf 88' lang='lat' dir='ltr'>donec</span> <span class='ocrx_word' id='word_1_233' title='bbox 1785 2467 1910 2533; x_wconf 86' lang='lat' dir='ltr'>uideant</span> <span class='ocrx_word' id='word_1_234' title='bbox 1930 2490 2062 2555; x_wconf 87' lang='lat' dir='ltr'>regnum</span> <span class='ocrx_word' id='word_1_235' title='bbox 2103 2469 2144 2534; x_wconf 90' lang='lat' dir='ltr'>di.</span> <span class='ocrx_word' id='word_1_236' title='bbox 2176 2493 2250 2536; x_wconf 91' lang='lat' dir='ltr'>mox</span> 
     </span>
    </p>
   </div>
   <div class='ocr_carea' id='block_1_12' title="bbox 330 2586 2251 2706">
    <p class='ocr_par' dir='ltr' id='par_1_12' title="bbox 330 2586 2251 2706">
     <span class='ocr_line' id='line_1_20' title="bbox 330 2586 2251 2706; baseline 0.006 -26"><span class='ocrx_word' id='word_1_237' title='bbox 330 2634 357 2680; x_wconf 88' lang='lat' dir='ltr'>in</span> <span class='ocrx_word' id='word_1_238' title='bbox 373 2631 395 2680; x_wconf 87' lang='lat' dir='ltr'>is</span> <span class='ocrx_word' id='word_1_239' title='bbox 413 2632 493 2692; x_wconf 75' lang='lat' dir='ltr'>assgd</span> <span class='ocrx_word' id='word_1_240' title='bbox 541 2620 662 2680; x_wconf 79' lang='lat' dir='ltr'>olbiuade</span> <span class='ocrx_word' id='word_1_241' title='bbox 681 2647 735 2681; x_wconf 80' lang='lat' dir='ltr'>was</span> <span class='ocrx_word' id='word_1_242' title='bbox 784 2648 817 2683; x_wconf 94' lang='lat' dir='ltr'>on</span> <span class='ocrx_word' id='word_1_243' title='bbox 892 2651 946 2684; x_wconf 87' lang='lat' dir='ltr'>mor</span> <span class='ocrx_word' id='word_1_244' title='bbox 1266 2652 1335 2687; x_wconf 84' lang='lat' dir='ltr'>sume</span> <span class='ocrx_word' id='word_1_245' title='bbox 1432 2586 1493 2706; x_wconf 67' lang='lat' dir='ltr'>surii</span> <span class='ocrx_word' id='word_1_246' title='bbox 1534 2645 1561 2690; x_wconf 81' lang='lat' dir='ltr'>ot</span> <span class='ocrx_word' id='word_1_247' title='bbox 1628 2641 1696 2689; x_wconf 87' lang='lat' dir='ltr'>diule</span> <span class='ocrx_word' id='word_1_248' title='bbox 1777 2640 1885 2690; x_wconf 64' lang='lat' dir='ltr'>braant</span> <span class='ocrx_word' id='word_1_249' title='bbox 1901 2642 1913 2689; x_wconf 78' lang='lat' dir='ltr'>l</span> <span class='ocrx_word' id='word_1_250' title='bbox 1930 2642 2027 2705; x_wconf 69' lang='lat' dir='ltr'>misey</span> <span class='ocrx_word' id='word_1_251' title='bbox 2043 2657 2099 2692; x_wconf 74' lang='lat' dir='ltr'>vas</span> <span class='ocrx_word' id='word_1_252' title='bbox 2116 2643 2251 2704; x_wconf 72' lang='lat' dir='ltr'>gebreatad</span> 
     </span>
    </p>
   </div>
   <div class='ocr_carea' id='block_1_13' title="bbox 269 2709 2087 2810">
    <p class='ocr_par' dir='ltr' id='par_1_13' title="bbox 269 2709 2087 2810">
     <span class='ocr_line' id='line_1_21' title="bbox 269 2709 2087 2810; baseline 0.008 -38"><span class='ocrx_word' id='word_1_253' title='bbox 269 2711 307 2773; x_wconf 87' lang='lat'>10</span> <span class='ocrx_word' id='word_1_254' title='bbox 348 2709 479 2775; x_wconf 81' lang='lat' dir='ltr'>infertur</span> <span class='ocrx_word' id='word_1_255' title='bbox 520 2711 755 2797; x_wconf 85' lang='lat' dir='ltr'>transfiguratus</span> <span class='ocrx_word' id='word_1_256' title='bbox 782 2715 815 2777; x_wconf 91' lang='lat' dir='ltr'>in</span> <span class='ocrx_word' id='word_1_257' title='bbox 849 2725 995 2780; x_wconf 90' lang='lat' dir='ltr'>montem.</span> <span class='ocrx_word' id='word_1_258' title='bbox 1049 2741 1183 2782; x_wconf 86' lang='lat' dir='ltr'>xxxvrn.</span> <span class='ocrx_word' id='word_1_259' title='bbox 1214 2715 1382 2784; x_wconf 86' lang='lat' dir='ltr'>Cuiusdam</span> <span class='ocrx_word' id='word_1_260' title='bbox 1408 2717 1506 2785; x_wconf 89' lang='lat' dir='ltr'>filium</span> <span class='ocrx_word' id='word_1_261' title='bbox 1535 2743 1553 2784; x_wconf 90' lang='lat' dir='ltr'>a</span> <span class='ocrx_word' id='word_1_262' title='bbox 1581 2719 1744 2786; x_wconf 91' lang='lat' dir='ltr'>daemonio</span> <span class='ocrx_word' id='word_1_263' title='bbox 1930 2721 2087 2810; x_wconf 88' lang='lat' dir='ltr'>increpata</span> 
     </span>
    </p>
   </div>
   <div class='ocr_carea' id='block_1_14' title="bbox 326 2847 2252 3026">
    <p class='ocr_par' dir='ltr' id='par_1_14' title="bbox 326 2847 2252 3026">
     <span class='ocr_line' id='line_1_22' title="bbox 372 2847 2252 2917; baseline 0.007 -21"><span class='ocrx_word' id='word_1_264' title='bbox 372 2861 499 2896; x_wconf 83' lang='lat' dir='ltr'>encoreses</span> <span class='ocrx_word' id='word_1_265' title='bbox 561 2850 598 2896; x_wconf 71' lang='lat' dir='ltr'>fre</span> <span class='ocrx_word' id='word_1_266' title='bbox 616 2851 812 2911; x_wconf 78' lang='lat' dir='ltr'>ungeleslulnlsc</span> <span class='ocrx_word' id='word_1_267' title='bbox 845 2853 963 2914; x_wconf 74' lang='lat' dir='ltr'>gegcmde</span> <span class='ocrx_word' id='word_1_268' title='bbox 1218 2847 1258 2906; x_wconf 75' lang='lat' dir='ltr'>cli</span> <span class='ocrx_word' id='word_1_269' title='bbox 1272 2870 1334 2907; x_wconf 83' lang='lat' dir='ltr'>sona</span> <span class='ocrx_word' id='word_1_270' title='bbox 1364 2857 1448 2908; x_wconf 69' lang='lat' dir='ltr'>cuoeb</span> <span class='ocrx_word' id='word_1_271' title='bbox 1483 2857 1541 2906; x_wconf 88' lang='lat' dir='ltr'>bine</span> <span class='ocrx_word' id='word_1_272' title='bbox 1596 2856 1728 2906; x_wconf 75' lang='lat' dir='ltr'>&#39;tranando</span> <span class='ocrx_word' id='word_1_273' title='bbox 1764 2857 1948 2908; x_wconf 78' lang='lat' dir='ltr'>woretowoerd</span> <span class='ocrx_word' id='word_1_274' title='bbox 1990 2855 2006 2917; x_wconf 75' lang='grc' dir='ltr'><strong><em>Ἰ</em></strong></span> <span class='ocrx_word' id='word_1_275' title='bbox 2051 2863 2078 2908; x_wconf 79' lang='lat' dir='ltr'>of</span> <span class='ocrx_word' id='word_1_276' title='bbox 2124 2859 2252 2910; x_wconf 84' lang='lat' dir='ltr'>aldordom</span> 
     </span>
     <span class='ocr_line' id='line_1_23' title="bbox 326 2927 2252 3026; baseline 0.008 -35"><span class='ocrx_word' id='word_1_277' title='bbox 326 2927 532 3012; x_wconf 88' lang='lat' dir='ltr'>generationis</span> <span class='ocrx_word' id='word_1_278' title='bbox 584 2927 796 2995; x_wconf 88' lang='lat' dir='ltr'>incredulitate</span> <span class='ocrx_word' id='word_1_279' title='bbox 844 2933 970 2996; x_wconf 86' lang='lat' dir='ltr'>curauit.</span> <span class='ocrx_word' id='word_1_280' title='bbox 1034 2958 1183 3000; x_wconf 82' lang='lat' dir='ltr'>xxxvnn.</span> <span class='ocrx_word' id='word_1_281' title='bbox 1215 2936 1334 3000; x_wconf 87' lang='lat' dir='ltr'>Iterum</span> <span class='ocrx_word' id='word_1_282' title='bbox 1368 2935 1441 3001; x_wconf 90' lang='lat' dir='ltr'>dicit</span> <span class='ocrx_word' id='word_1_283' title='bbox 1498 2957 1532 3001; x_wconf 92' lang='lat' dir='ltr'>se</span> <span class='ocrx_word' id='word_1_284' title='bbox 1582 2957 1743 3023; x_wconf 86' lang='lat' dir='ltr'>passurum</span> <span class='ocrx_word' id='word_1_285' title='bbox 1819 2939 1888 3002; x_wconf 88' lang='lat' dir='ltr'>fore</span> <span class='ocrx_word' id='word_1_286' title='bbox 1987 2948 2018 3002; x_wconf 90' lang='lat' dir='ltr'>et</span> <span class='ocrx_word' id='word_1_287' title='bbox 2047 2937 2086 3004; x_wconf 91' lang='lat' dir='ltr'>de</span> <span class='ocrx_word' id='word_1_288' title='bbox 2119 2935 2252 3026; x_wconf 88' lang='lat' dir='ltr'>primato</span> 
     </span>
    </p>
   </div>
   <div class='ocr_carea' id='block_1_15' title="bbox 329 3063 2253 3239">
    <p class='ocr_par' dir='ltr' id='par_1_15' title="bbox 329 3063 2253 3239">
     <span class='ocr_line' id='line_1_24' title="bbox 363 3063 2253 3131; baseline 0.006 -17"><span class='ocrx_word' id='word_1_289' title='bbox 363 3078 497 3126; x_wconf 72' lang='lat' dir='ltr'>smeaunga</span> <span class='ocrx_word' id='word_1_290' title='bbox 577 3067 647 3114; x_wconf 86' lang='lat' dir='ltr'>biora</span> <span class='ocrx_word' id='word_1_291' title='bbox 681 3073 786 3129; x_wconf 81' lang='lat' dir='ltr'>gesettet</span> <span class='ocrx_word' id='word_1_292' title='bbox 801 3083 857 3118; x_wconf 75' lang='lat' dir='ltr'>vas</span> <span class='ocrx_word' id='word_1_293' title='bbox 897 3074 924 3119; x_wconf 85' lang='lat' dir='ltr'>tn</span> <span class='ocrx_word' id='word_1_294' title='bbox 964 3072 1053 3122; x_wconf 79' lang='lat' dir='ltr'>middu</span> <span class='ocrx_word' id='word_1_295' title='bbox 1102 3074 1181 3124; x_wconf 83' lang='lat' dir='ltr'>cnabt</span> <span class='ocrx_word' id='word_1_296' title='bbox 1240 3063 1317 3122; x_wconf 74' lang='lat' dir='ltr'>fbead</span> <span class='ocrx_word' id='word_1_297' title='bbox 1390 3074 1539 3124; x_wconf 69' lang='lat' dir='ltr'>etmodnise</span> <span class='ocrx_word' id='word_1_298' title='bbox 1601 3073 1678 3122; x_wconf 65' lang='lat' dir='ltr'>tarot</span> <span class='ocrx_word' id='word_1_299' title='bbox 1723 3070 1739 3131; x_wconf 74' lang='grc' dir='ltr'><strong><em>Ἰ</em></strong></span> <span class='ocrx_word' id='word_1_300' title='bbox 1791 3087 1822 3122; x_wconf 86' lang='lat' dir='ltr'>ne</span> <span class='ocrx_word' id='word_1_301' title='bbox 1856 3080 1883 3122; x_wconf 87' lang='lat' dir='ltr'>to</span> <span class='ocrx_word' id='word_1_302' title='bbox 1902 3063 2026 3123; x_wconf 77' lang='lat' dir='ltr'>lbeadane</span> <span class='ocrx_word' id='word_1_303' title='bbox 2077 3077 2166 3124; x_wconf 79' lang='lat' dir='ltr'>mahta</span> <span class='ocrx_word' id='word_1_304' title='bbox 2219 3090 2253 3126; x_wconf 90' lang='lat' dir='ltr'>on</span> 
     </span>
     <span class='ocr_line' id='line_1_25' title="bbox 329 3144 2251 3239; baseline 0.006 -31"><span class='ocrx_word' id='word_1_305' title='bbox 329 3144 529 3232; x_wconf 87' lang='lat' dir='ltr'>cogitationes</span> <span class='ocrx_word' id='word_1_306' title='bbox 561 3166 669 3210; x_wconf 89' lang='lat' dir='ltr'>eorum</span> <span class='ocrx_word' id='word_1_307' title='bbox 724 3157 835 3213; x_wconf 87' lang='lat' dir='ltr'>statuto</span> <span class='ocrx_word' id='word_1_308' title='bbox 902 3150 933 3212; x_wconf 95' lang='lat' dir='ltr'>in</span> <span class='ocrx_word' id='word_1_309' title='bbox 959 3151 1062 3218; x_wconf 92' lang='lat' dir='ltr'>medio</span> <span class='ocrx_word' id='word_1_310' title='bbox 1093 3175 1191 3239; x_wconf 90' lang='lat' dir='ltr'>puero</span> <span class='ocrx_word' id='word_1_311' title='bbox 1220 3163 1327 3218; x_wconf 90' lang='lat' dir='ltr'>uetans</span> <span class='ocrx_word' id='word_1_312' title='bbox 1361 3152 1564 3218; x_wconf 86' lang='lat' dir='ltr'>humilitatem</span> <span class='ocrx_word' id='word_1_313' title='bbox 1592 3152 1683 3218; x_wconf 88' lang='lat' dir='ltr'>docet</span> <span class='ocrx_word' id='word_1_314' title='bbox 1716 3163 1747 3218; x_wconf 92' lang='lat' dir='ltr'>et</span> <span class='ocrx_word' id='word_1_315' title='bbox 1772 3174 1837 3216; x_wconf 91' lang='lat' dir='ltr'>non</span> <span class='ocrx_word' id='word_1_316' title='bbox 1864 3153 2024 3239; x_wconf 88' lang='lat' dir='ltr'>prohiberi</span> <span class='ocrx_word' id='word_1_317' title='bbox 2062 3155 2190 3220; x_wconf 87' lang='lat' dir='ltr'>uirtutes</span> <span class='ocrx_word' id='word_1_318' title='bbox 2219 3156 2251 3220; x_wconf 93' lang='lat' dir='ltr'>in</span> 
     </span>
    </p>
   </div>
   <div class='ocr_carea' id='block_1_16' title="bbox 326 3279 2252 3459">
    <p class='ocr_par' dir='ltr' id='par_1_16' title="bbox 326 3279 2252 3459">
     <span class='ocr_line' id='line_1_26' title="bbox 350 3279 2217 3353; baseline 0.005 -22"><span class='ocrx_word' id='word_1_319' title='bbox 350 3285 389 3332; x_wconf 88' lang='lat' dir='ltr'>his</span> <span class='ocrx_word' id='word_1_320' title='bbox 477 3297 551 3332; x_wconf 85' lang='lat' dir='ltr'>noma</span> <span class='ocrx_word' id='word_1_321' title='bbox 642 3284 739 3335; x_wconf 83' lang='lat' dir='ltr'>doende</span> <span class='ocrx_word' id='word_1_322' title='bbox 977 3289 1016 3350; x_wconf 79' lang='lat' dir='ltr'>fyr</span> <span class='ocrx_word' id='word_1_323' title='bbox 1108 3292 1135 3338; x_wconf 77' lang='lat' dir='ltr'>ot</span> <span class='ocrx_word' id='word_1_324' title='bbox 1184 3290 1273 3340; x_wconf 83' lang='lat' dir='ltr'>heotne</span> <span class='ocrx_word' id='word_1_325' title='bbox 1338 3279 1366 3339; x_wconf 78' lang='lat' dir='ltr'>oi</span> <span class='ocrx_word' id='word_1_326' title='bbox 1419 3291 1518 3340; x_wconf 78' lang='lat' dir='ltr'>terendo</span> <span class='ocrx_word' id='word_1_327' title='bbox 1539 3291 1720 3342; x_wconf 74' lang='lat' dir='ltr'>thni&#39;trlcndo</span> <span class='ocrx_word' id='word_1_328' title='bbox 1765 3290 1854 3353; x_wconf 75' lang='lat' dir='ltr'>gobida</span> <span class='ocrx_word' id='word_1_329' title='bbox 1915 3291 2040 3340; x_wconf 75' lang='lat' dir='ltr'>wilnando</span> <span class='ocrx_word' id='word_1_330' title='bbox 2120 3285 2217 3352; x_wconf 60' lang='lat' dir='ltr'>{emas</span> 
     </span>
     <span class='ocr_line' id='line_1_27' title="bbox 326 3363 2252 3459; baseline 0.004 -33"><span class='ocrx_word' id='word_1_331' title='bbox 326 3364 420 3451; x_wconf 89' lang='lat' dir='ltr'>ipsius</span> <span class='ocrx_word' id='word_1_332' title='bbox 451 3363 576 3428; x_wconf 88' lang='lat' dir='ltr'>nomine</span> <span class='ocrx_word' id='word_1_333' title='bbox 605 3363 777 3429; x_wconf 84' lang='lat' dir='ltr'>facientem.</span> <span class='ocrx_word' id='word_1_334' title='bbox 860 3390 909 3430; x_wconf 83' lang='grc' dir='ltr'><strong>ιιι..</strong></span> <span class='ocrx_word' id='word_1_335' title='bbox 944 3366 1069 3455; x_wconf 83' lang='lat' dir='ltr'>Ignem¹</span> <span class='ocrx_word' id='word_1_336' title='bbox 1101 3368 1141 3434; x_wconf 91' lang='lat' dir='ltr'>de</span> <span class='ocrx_word' id='word_1_337' title='bbox 1187 3369 1262 3435; x_wconf 78' lang='lat' dir='ltr'>caelo</span> <span class='ocrx_word' id='word_1_338' title='bbox 1307 3392 1400 3458; x_wconf 88' lang='lat' dir='ltr'>super</span> <span class='ocrx_word' id='word_1_339' title='bbox 1481 3381 1685 3438; x_wconf 84' lang='lat' dir='ltr'>contemtores</span> <span class='ocrx_word' id='word_1_340' title='bbox 1761 3381 1866 3459; x_wconf 86' lang='lat' dir='ltr'>petere</span> <span class='ocrx_word' id='word_1_341' title='bbox 1907 3369 2046 3434; x_wconf 88' lang='lat' dir='ltr'>uolentes</span> <span class='ocrx_word' id='word_1_342' title='bbox 2088 3368 2252 3458; x_wconf 89' lang='lat' dir='ltr'>discipulos</span> 
     </span>
    </p>
   </div>
   <div class='ocr_carea' id='block_1_17' title="bbox 327 3494 2252 3672">
    <p class='ocr_par' dir='ltr' id='par_1_17' title="bbox 327 3494 2252 3672">
     <span class='ocr_line' id='line_1_28' title="bbox 347 3494 2251 3571; baseline 0.004 -21"><span class='ocrx_word' id='word_1_343' title='bbox 347 3499 457 3550; x_wconf 75' lang='lat' dir='ltr'>brecta’t</span> <span class='ocrx_word' id='word_1_344' title='bbox 496 3497 512 3558; x_wconf 74' lang='grc' dir='ltr'><strong><em>Ἰ</em></strong></span> <span class='ocrx_word' id='word_1_345' title='bbox 552 3499 617 3550; x_wconf 77' lang='lat' dir='ltr'>&#39;tam</span> <span class='ocrx_word' id='word_1_346' title='bbox 635 3502 782 3552; x_wconf 78' lang='lat' dir='ltr'>cuoe’tende</span> <span class='ocrx_word' id='word_1_347' title='bbox 816 3505 840 3552; x_wconf 84' lang='lat' dir='ltr'>io</span> <span class='ocrx_word' id='word_1_348' title='bbox 856 3504 923 3565; x_wconf 78' lang='lat' dir='ltr'>fylgo</span> <span class='ocrx_word' id='word_1_349' title='bbox 958 3504 1007 3554; x_wconf 77' lang='lat' dir='ltr'>’ooo</span> <span class='ocrx_word' id='word_1_350' title='bbox 1050 3508 1121 3555; x_wconf 81' lang='lat' dir='ltr'>toxos</span> <span class='ocrx_word' id='word_1_351' title='bbox 1187 3507 1244 3556; x_wconf 85' lang='lat' dir='ltr'>bolo</span> <span class='ocrx_word' id='word_1_352' title='bbox 1304 3508 1405 3559; x_wconf 75' lang='lat' dir='ltr'>babba’t</span> <span class='ocrx_word' id='word_1_353' title='bbox 1439 3510 1580 3571; x_wconf 76' lang='lat' dir='ltr'>getrymado</span> <span class='ocrx_word' id='word_1_354' title='bbox 1623 3523 1680 3558; x_wconf 83' lang='lat' dir='ltr'>esne</span> <span class='ocrx_word' id='word_1_355' title='bbox 1739 3506 1873 3571; x_wconf 74' lang='lat' dir='ltr'>tylgends.</span> <span class='ocrx_word' id='word_1_356' title='bbox 1889 3497 1969 3568; x_wconf 75' lang='lat' dir='ltr'>lgeafa</span> <span class='ocrx_word' id='word_1_357' title='bbox 1985 3509 1996 3555; x_wconf 80' lang='lat' dir='ltr'>t</span> <span class='ocrx_word' id='word_1_358' title='bbox 2013 3494 2077 3556; x_wconf 76' lang='lat' dir='ltr'>ileu</span> <span class='ocrx_word' id='word_1_359' title='bbox 2119 3507 2155 3557; x_wconf 80' lang='lat' dir='ltr'>’ta</span> <span class='ocrx_word' id='word_1_360' title='bbox 2170 3507 2251 3558; x_wconf 75' lang='lat' dir='ltr'>deado</span> 
     </span>
     <span class='ocr_line' id='line_1_29' title="bbox 327 3579 2252 3672; baseline 0.005 -29"><span class='ocrx_word' id='word_1_361' title='bbox 327 3581 467 3667; x_wconf 89' lang='lat' dir='ltr'>increpat</span> <span class='ocrx_word' id='word_1_362' title='bbox 494 3590 525 3644; x_wconf 88' lang='lat' dir='ltr'>et</span> <span class='ocrx_word' id='word_1_363' title='bbox 614 3579 726 3645; x_wconf 89' lang='lat' dir='ltr'>dicenti</span> <span class='ocrx_word' id='word_1_364' title='bbox 816 3603 929 3667; x_wconf 87' lang='lat' dir='ltr'>sequar</span> <span class='ocrx_word' id='word_1_365' title='bbox 968 3594 1000 3648; x_wconf 87' lang='lat' dir='ltr'>te</span> <span class='ocrx_word' id='word_1_366' title='bbox 1033 3584 1143 3672; x_wconf 91' lang='lat' dir='ltr'>uulpes</span> <span class='ocrx_word' id='word_1_367' title='bbox 1162 3587 1268 3652; x_wconf 89' lang='lat' dir='ltr'>foueas</span> <span class='ocrx_word' id='word_1_368' title='bbox 1295 3587 1411 3653; x_wconf 88' lang='lat' dir='ltr'>habere</span> <span class='ocrx_word' id='word_1_369' title='bbox 1441 3598 1571 3653; x_wconf 87' lang='lat' dir='ltr'>testatur</span> <span class='ocrx_word' id='word_1_370' title='bbox 1589 3588 1708 3654; x_wconf 88' lang='lat' dir='ltr'>iuuenis</span> <span class='ocrx_word' id='word_1_371' title='bbox 1729 3587 1869 3672; x_wconf 87' lang='lat' dir='ltr'>sequenti</span> <span class='ocrx_word' id='word_1_372' title='bbox 1910 3585 2064 3652; x_wconf 89' lang='lat' dir='ltr'>dimittere</span> <span class='ocrx_word' id='word_1_373' title='bbox 2114 3597 2252 3654; x_wconf 87' lang='lat' dir='ltr'>mortuos</span> 
     </span>
    </p>
   </div>
   <div class='ocr_carea' id='block_1_18' title="bbox 268 3715 2253 3889">
    <p class='ocr_par' dir='ltr' id='par_1_18' title="bbox 268 3715 2253 3889">
     <span class='ocr_line' id='line_1_30' title="bbox 335 3715 2253 3786; baseline 0.006 -21"><span class='ocrx_word' id='word_1_374' title='bbox 335 3715 351 3776; x_wconf 79' lang='grc' dir='ltr'><strong><em>Ἰ</em></strong></span> <span class='ocrx_word' id='word_1_375' title='bbox 407 3716 474 3766; x_wconf 74' lang='lat' dir='ltr'>’tone</span> <span class='ocrx_word' id='word_1_376' title='bbox 492 3716 617 3782; x_wconf 61' lang='lat' dir='ltr'>baldondd</span> <span class='ocrx_word' id='word_1_377' title='bbox 669 3718 725 3768; x_wconf 81' lang='lat' dir='ltr'>eulb</span> <span class='ocrx_word' id='word_1_378' title='bbox 814 3733 846 3768; x_wconf 85' lang='lat' dir='ltr'>ne</span> <span class='ocrx_word' id='word_1_379' title='bbox 927 3721 1025 3770; x_wconf 80' lang='lat' dir='ltr'>ettlooia</span> <span class='ocrx_word' id='word_1_380' title='bbox 1080 3737 1113 3771; x_wconf 90' lang='lat' dir='ltr'>on</span> <span class='ocrx_word' id='word_1_381' title='bbox 1129 3723 1181 3774; x_wconf 82' lang='lat' dir='ltr'>bae</span> <span class='ocrx_word' id='word_1_382' title='bbox 1368 3725 1539 3786; x_wconf 81' lang='lat' dir='ltr'>orgemaercade</span> <span class='ocrx_word' id='word_1_383' title='bbox 1584 3739 1617 3774; x_wconf 79' lang='lat' dir='ltr'>acc</span> <span class='ocrx_word' id='word_1_384' title='bbox 1662 3724 1716 3774; x_wconf 73' lang='lat'>0³6?</span> <span class='ocrx_word' id='word_1_385' title='bbox 1744 3731 1817 3774; x_wconf 82' lang='lat' dir='ltr'>tuam</span> <span class='ocrx_word' id='word_1_386' title='bbox 1834 3721 1851 3784; x_wconf 71' lang='lat' dir='ltr'>J</span> <span class='ocrx_word' id='word_1_387' title='bbox 1871 3725 2047 3786; x_wconf 77' lang='lat' dir='ltr'>unseotonttgu</span> <span class='ocrx_word' id='word_1_388' title='bbox 2065 3725 2151 3775; x_wconf 76' lang='lat' dir='ltr'>&#39;teadu</span> <span class='ocrx_word' id='word_1_389' title='bbox 2185 3725 2253 3776; x_wconf 77' lang='lat' dir='ltr'>sile’t</span> 
     </span>
     <span class='ocr_line' id='line_1_31' title="bbox 268 3797 2240 3889; baseline 0.004 -28"><span class='ocrx_word' id='word_1_390' title='bbox 268 3797 308 3861; x_wconf 83' lang='lat' dir='ltr'>lb</span> <span class='ocrx_word' id='word_1_391' title='bbox 330 3806 361 3861; x_wconf 90' lang='lat' dir='ltr'>et</span> <span class='ocrx_word' id='word_1_392' title='bbox 433 3803 589 3860; x_wconf 90' lang='lat' dir='ltr'>tenentem</span> <span class='ocrx_word' id='word_1_393' title='bbox 644 3803 747 3860; x_wconf 73' lang='lat' dir='ltr'>aratrd</span> <span class='ocrx_word' id='word_1_394' title='bbox 802 3820 866 3863; x_wconf 90' lang='lat' dir='ltr'>non</span> <span class='ocrx_word' id='word_1_395' title='bbox 901 3799 1053 3887; x_wconf 85' lang='lat' dir='ltr'>respicere</span> <span class='ocrx_word' id='word_1_396' title='bbox 1088 3813 1181 3866; x_wconf 90' lang='lat' dir='ltr'>retro.</span> <span class='ocrx_word' id='word_1_397' title='bbox 1247 3827 1311 3867; x_wconf 80' lang='lat' dir='ltr'>xm.</span> <span class='ocrx_word' id='word_1_398' title='bbox 1357 3801 1536 3889; x_wconf 88' lang='lat' dir='ltr'>Designatis</span> <span class='ocrx_word' id='word_1_399' title='bbox 1578 3815 1609 3870; x_wconf 90' lang='lat' dir='ltr'>et</span> <span class='ocrx_word' id='word_1_400' title='bbox 1652 3803 1719 3868; x_wconf 90' lang='lat' dir='ltr'>aliis</span> <span class='ocrx_word' id='word_1_401' title='bbox 1809 3802 1920 3868; x_wconf 88' lang='lat' dir='ltr'><strong>·LXX·</strong></span> <span class='ocrx_word' id='word_1_402' title='bbox 1943 3803 2063 3869; x_wconf 92' lang='lat' dir='ltr'>duobus</span> <span class='ocrx_word' id='word_1_403' title='bbox 2187 3805 2240 3870; x_wconf 90' lang='lat' dir='ltr'>dat</span> 
     </span>
    </p>
   </div>
   <div class='ocr_carea' id='block_1_19' title="bbox 328 3932 2253 4107">
    <p class='ocr_par' dir='ltr' id='par_1_19' title="bbox 328 3932 2253 4107">
     <span class='ocr_line' id='line_1_32' title="bbox 378 3932 2253 4004; baseline 0.005 -22"><span class='ocrx_word' id='word_1_404' title='bbox 378 3932 446 3982; x_wconf 87' lang='lat' dir='ltr'>bodo</span> <span class='ocrx_word' id='word_1_405' title='bbox 534 3932 599 3984; x_wconf 67' lang='lat' dir='ltr'>bam</span> <span class='ocrx_word' id='word_1_406' title='bbox 664 3937 755 3996; x_wconf 73' lang='lat' dir='ltr'>garbas</span> <span class='ocrx_word' id='word_1_407' title='bbox 839 3935 935 3999; x_wconf 73' lang='lat' dir='ltr'>bodage</span> <span class='ocrx_word' id='word_1_408' title='bbox 999 3952 1060 3988; x_wconf 84' lang='lat' dir='ltr'>sona</span> <span class='ocrx_word' id='word_1_409' title='bbox 1095 3939 1342 4002; x_wconf 64' lang='lat' dir='ltr'>bauugelcsffullico</span> <span class='ocrx_word' id='word_1_410' title='bbox 1377 3939 1516 4001; x_wconf 65' lang='lat' dir='ltr'>gestandas</span> <span class='ocrx_word' id='word_1_411' title='bbox 1550 3941 1712 3992; x_wconf 67' lang='lat' dir='ltr'>lbaccastro</span> <span class='ocrx_word' id='word_1_412' title='bbox 1748 3938 2040 4004; x_wconf 67' lang='lat' dir='ltr'>tuamjunsooruntigu</span> <span class='ocrx_word' id='word_1_413' title='bbox 2074 3943 2253 3992; x_wconf 81' lang='lat' dir='ltr'>oltcsrrandnm</span> 
     </span>
     <span class='ocr_line' id='line_1_33' title="bbox 328 4012 2227 4107; baseline 0.004 -29"><span class='ocrx_word' id='word_1_414' title='bbox 328 4020 491 4100; x_wconf 84' lang='lat' dir='ltr'>praecepta</span> <span class='ocrx_word' id='word_1_415' title='bbox 512 4012 622 4098; x_wconf 88' lang='lat' dir='ltr'>quibus</span> <span class='ocrx_word' id='word_1_416' title='bbox 643 4014 775 4079; x_wconf 89' lang='lat' dir='ltr'>debeant</span> <span class='ocrx_word' id='word_1_417' title='bbox 792 4016 980 4102; x_wconf 89' lang='lat' dir='ltr'>praedicare.</span> <span class='ocrx_word' id='word_1_418' title='bbox 1001 4041 1074 4084; x_wconf 85' lang='lat' dir='ltr'>mox</span> <span class='ocrx_word' id='word_1_419' title='bbox 1129 4020 1303 4086; x_wconf 86' lang='lat' dir='ltr'>incredulas</span> <span class='ocrx_word' id='word_1_420' title='bbox 1377 4020 1515 4107; x_wconf 90' lang='lat' dir='ltr'>increpat</span> <span class='ocrx_word' id='word_1_421' title='bbox 1557 4021 1694 4086; x_wconf 89' lang='lat' dir='ltr'>ciuitates</span> <span class='ocrx_word' id='word_1_422' title='bbox 1728 4019 1871 4086; x_wconf 88' lang='lat' dir='ltr'>.·LXX·</span> <span class='ocrx_word' id='word_1_423' title='bbox 1891 4021 2012 4086; x_wconf 88' lang='lat' dir='ltr'>duobus</span> <span class='ocrx_word' id='word_1_424' title='bbox 2093 4023 2227 4087; x_wconf 88' lang='lat' dir='ltr'>reuersis</span> 
     </span>
    </p>
   </div>
   <div class='ocr_carea' id='block_1_20' title="bbox 327 4131 2253 4320">
    <p class='ocr_par' dir='ltr' id='par_1_20' title="bbox 327 4131 2253 4320">
     <span class='ocr_line' id='line_1_34' title="bbox 367 4131 2253 4214; baseline 0.004 -14"><span class='ocrx_word' id='word_1_425' title='bbox 367 4147 383 4208; x_wconf 76' lang='grc' dir='ltr'><strong><em>Ἰ</em></strong></span> <span class='ocrx_word' id='word_1_426' title='bbox 450 4148 515 4200; x_wconf 69' lang='lat' dir='ltr'>sam</span> <span class='ocrx_word' id='word_1_427' title='bbox 533 4152 654 4214; x_wconf 75' lang='lat' dir='ltr'>gersandu</span> <span class='ocrx_word' id='word_1_428' title='bbox 707 4153 801 4202; x_wconf 82' lang='lat' dir='ltr'>beboad</span> <span class='ocrx_word' id='word_1_429' title='bbox 870 4131 919 4204; x_wconf 39' lang='lat' dir='ltr'>ne*</span> <span class='ocrx_word' id='word_1_430' title='bbox 954 4157 982 4203; x_wconf 82' lang='lat' dir='ltr'>or</span> <span class='ocrx_word' id='word_1_431' title='bbox 1027 4157 1187 4206; x_wconf 78' lang='lat' dir='ltr'>underdrtrsn</span> <span class='ocrx_word' id='word_1_432' title='bbox 1278 4158 1369 4207; x_wconf 66' lang='lat' dir='ltr'>diocle</span> <span class='ocrx_word' id='word_1_433' title='bbox 1442 4158 1472 4205; x_wconf 84' lang='lat' dir='ltr'>ab</span> <span class='ocrx_word' id='word_1_434' title='bbox 1514 4161 1542 4207; x_wconf 80' lang='lat' dir='ltr'>ot</span> <span class='ocrx_word' id='word_1_435' title='bbox 1590 4159 1660 4208; x_wconf 79' lang='lat' dir='ltr'>blora</span> <span class='ocrx_word' id='word_1_436' title='bbox 1718 4162 1745 4209; x_wconf 85' lang='lat' dir='ltr'>in</span> <span class='ocrx_word' id='word_1_437' title='bbox 1779 4159 1868 4210; x_wconf 79' lang='lat' dir='ltr'>beorna</span> <span class='ocrx_word' id='word_1_438' title='bbox 1937 4173 2012 4210; x_wconf 84' lang='lat' dir='ltr'>noma</span> <span class='ocrx_word' id='word_1_439' title='bbox 2072 4159 2253 4209; x_wconf 65' lang='lat' dir='ltr'>mibawdttne</span> 
     </span>
     <span class='ocr_line' id='line_1_35' title="bbox 327 4229 2238 4320; baseline 0.006 -26"><span class='ocrx_word' id='word_1_440' title='bbox 327 4240 418 4318; x_wconf 74' lang='lat' dir='ltr'>atque</span> <span class='ocrx_word' id='word_1_441' title='bbox 447 4229 652 4317; x_wconf 88' lang='lat' dir='ltr'>gaudentibus</span> <span class='ocrx_word' id='word_1_442' title='bbox 673 4231 821 4320; x_wconf 89' lang='lat' dir='ltr'>praecipit</span> <span class='ocrx_word' id='word_1_443' title='bbox 848 4254 913 4297; x_wconf 93' lang='lat' dir='ltr'>non</span> <span class='ocrx_word' id='word_1_444' title='bbox 942 4233 982 4300; x_wconf 92' lang='lat' dir='ltr'>de</span> <span class='ocrx_word' id='word_1_445' title='bbox 1010 4236 1199 4302; x_wconf 88' lang='lat' dir='ltr'>subiectione</span> <span class='ocrx_word' id='word_1_446' title='bbox 1220 4237 1406 4302; x_wconf 87' lang='lat' dir='ltr'>daemonum</span> <span class='ocrx_word' id='word_1_447' title='bbox 1427 4236 1484 4302; x_wconf 90' lang='lat' dir='ltr'>sed</span> <span class='ocrx_word' id='word_1_448' title='bbox 1505 4237 1692 4302; x_wconf 85' lang='lat' dir='ltr'>deonorum</span> <span class='ocrx_word' id='word_1_449' title='bbox 1712 4237 1745 4302; x_wconf 90' lang='lat' dir='ltr'>in</span> <span class='ocrx_word' id='word_1_450' title='bbox 1776 4237 1862 4304; x_wconf 89' lang='lat' dir='ltr'>caelo</span> <span class='ocrx_word' id='word_1_451' title='bbox 1890 4237 2051 4303; x_wconf 91' lang='lat' dir='ltr'>nominum</span> <span class='ocrx_word' id='word_1_452' title='bbox 2071 4238 2238 4306; x_wconf 89' lang='lat' dir='ltr'>scribtione</span> 
     </span>
    </p>
   </div>
   <div class='ocr_carea' id='block_1_21' title="bbox 327 4364 2253 4544">
    <p class='ocr_par' dir='ltr' id='par_1_21' title="bbox 327 4364 2253 4544">
     <span class='ocr_line' id='line_1_36' title="bbox 366 4364 2253 4438; baseline 0.005 -24"><span class='ocrx_word' id='word_1_453' title='bbox 366 4368 436 4428; x_wconf 71' lang='lat' dir='ltr'>gelae</span> <span class='ocrx_word' id='word_1_454' title='bbox 661 4364 791 4416; x_wconf 85' lang='lat' dir='ltr'>ondetm&#39;se</span> <span class='ocrx_word' id='word_1_455' title='bbox 834 4367 944 4420; x_wconf 79' lang='lat' dir='ltr'>berniaco</span> <span class='ocrx_word' id='word_1_456' title='bbox 985 4373 1013 4420; x_wconf 83' lang='lat' dir='ltr'>tn</span> <span class='ocrx_word' id='word_1_457' title='bbox 1057 4376 1127 4435; x_wconf 77' lang='lat' dir='ltr'>getae</span> <span class='ocrx_word' id='word_1_458' title='bbox 1172 4375 1263 4435; x_wconf 80' lang='lat' dir='ltr'>asaegd</span> <span class='ocrx_word' id='word_1_459' title='bbox 1279 4378 1301 4424; x_wconf 81' lang='lat' dir='ltr'>is</span> <span class='ocrx_word' id='word_1_460' title='bbox 1335 4380 1361 4425; x_wconf 90' lang='lat' dir='ltr'>to</span> <span class='ocrx_word' id='word_1_461' title='bbox 1421 4375 1490 4425; x_wconf 82' lang='lat' dir='ltr'>feder</span> <span class='ocrx_word' id='word_1_462' title='bbox 1563 4367 1611 4426; x_wconf 73' lang='lat' dir='ltr'>art</span> <span class='ocrx_word' id='word_1_463' title='bbox 1627 4377 1682 4427; x_wconf 81' lang='lat' dir='ltr'>’ton</span> <span class='ocrx_word' id='word_1_464' title='bbox 1741 4375 1838 4438; x_wconf 67' lang='lat' dir='ltr'>uagos</span> <span class='ocrx_word' id='word_1_465' title='bbox 1855 4389 1890 4424; x_wconf 76' lang='lat' dir='ltr'>aa</span> <span class='ocrx_word' id='word_1_466' title='bbox 1934 4376 1970 4426; x_wconf 70' lang='grc' dir='ltr'>’δι</span> <span class='ocrx_word' id='word_1_467' title='bbox 1989 4364 2100 4424; x_wconf 68' lang='grc' dir='ltr'><strong>Ῥὸιιιοιῑο</strong></span> <span class='ocrx_word' id='word_1_468' title='bbox 2135 4375 2253 4425; x_wconf 71' lang='lat' dir='ltr'>soblaste</span> 
     </span>
     <span class='ocr_line' id='line_1_37' title="bbox 327 4444 2240 4544; baseline 0.005 -34"><span class='ocrx_word' id='word_1_469' title='bbox 327 4446 474 4533; x_wconf 90' lang='lat' dir='ltr'>gaudere.</span> <span class='ocrx_word' id='word_1_470' title='bbox 533 4469 610 4510; x_wconf 83' lang='grc' dir='ltr'><strong>ιιιι.</strong></span> <span class='ocrx_word' id='word_1_471' title='bbox 645 4444 806 4512; x_wconf 85' lang='lat' dir='ltr'>Confessio</span> <span class='ocrx_word' id='word_1_472' title='bbox 844 4447 943 4513; x_wconf 90' lang='lat' dir='ltr'>laudis</span> <span class='ocrx_word' id='word_1_473' title='bbox 987 4451 1018 4516; x_wconf 93' lang='lat' dir='ltr'>in</span> <span class='ocrx_word' id='word_1_474' title='bbox 1040 4452 1153 4540; x_wconf 85' lang='lat' dir='ltr'>gaudio</span> <span class='ocrx_word' id='word_1_475' title='bbox 1174 4453 1308 4519; x_wconf 90' lang='lat' dir='ltr'>refertur</span> <span class='ocrx_word' id='word_1_476' title='bbox 1328 4454 1367 4519; x_wconf 90' lang='lat' dir='ltr'>ad</span> <span class='ocrx_word' id='word_1_477' title='bbox 1387 4462 1508 4541; x_wconf 86' lang='lat' dir='ltr'>patrem</span> <span class='ocrx_word' id='word_1_478' title='bbox 1542 4465 1705 4544; x_wconf 89' lang='lat' dir='ltr'>postquam</span> <span class='ocrx_word' id='word_1_479' title='bbox 1769 4455 1862 4520; x_wconf 80' lang='lat' dir='ltr'>infert</span> <span class='ocrx_word' id='word_1_480' title='bbox 1964 4453 2083 4541; x_wconf 87' lang='lat' dir='ltr'>priores</span> <span class='ocrx_word' id='word_1_481' title='bbox 2145 4453 2240 4519; x_wconf 90' lang='lat' dir='ltr'>iustos</span> 
     </span>
    </p>
   </div>
   <div class='ocr_carea' id='block_1_22' title="bbox 329 4599 2254 4775">
    <p class='ocr_par' dir='ltr' id='par_1_22' title="bbox 329 4599 2254 4775">
     <span class='ocr_line' id='line_1_38' title="bbox 335 4599 2253 4668; baseline 0.004 -19"><span class='ocrx_word' id='word_1_482' title='bbox 335 4599 406 4650; x_wconf 70' lang='lat' dir='ltr'>’tabe</span> <span class='ocrx_word' id='word_1_483' title='bbox 446 4602 538 4662; x_wconf 69' lang='lat' dir='ltr'>gessat</span> <span class='ocrx_word' id='word_1_484' title='bbox 574 4601 610 4652; x_wconf 74' lang='grc' dir='ltr'>’δι</span> <span class='ocrx_word' id='word_1_485' title='bbox 627 4602 723 4663; x_wconf 66' lang='lat' dir='ltr'>tegnas</span> <span class='ocrx_word' id='word_1_486' title='bbox 779 4616 810 4652; x_wconf 90' lang='lat' dir='ltr'>ne</span> <span class='ocrx_word' id='word_1_487' title='bbox 853 4617 942 4666; x_wconf 75' lang='lat' dir='ltr'>gesego</span> <span class='ocrx_word' id='word_1_488' title='bbox 961 4605 1003 4656; x_wconf 79' lang='lat' dir='ltr'>hta</span> <span class='ocrx_word' id='word_1_489' title='bbox 1197 4621 1239 4658; x_wconf 78' lang='lat' dir='ltr'>sss</span> <span class='ocrx_word' id='word_1_490' title='bbox 1293 4607 1360 4658; x_wconf 63' lang='lat' dir='ltr'>tam</span> <span class='ocrx_word' id='word_1_491' title='bbox 1377 4610 1436 4658; x_wconf 80' lang='lat' dir='ltr'>wiso</span> <span class='ocrx_word' id='word_1_492' title='bbox 1474 4611 1502 4659; x_wconf 79' lang='lat' dir='ltr'>ot</span> <span class='ocrx_word' id='word_1_493' title='bbox 1542 4612 1574 4659; x_wconf 83' lang='lat' dir='ltr'>ur</span> <span class='ocrx_word' id='word_1_494' title='bbox 1646 4619 1701 4659; x_wconf 82' lang='lat' dir='ltr'>ecoe</span> <span class='ocrx_word' id='word_1_495' title='bbox 1777 4608 1898 4660; x_wconf 81' lang='lat' dir='ltr'>soecsnde</span> <span class='ocrx_word' id='word_1_496' title='bbox 1943 4605 1960 4668; x_wconf 71' lang='lat' dir='ltr'>J</span> <span class='ocrx_word' id='word_1_497' title='bbox 1996 4606 2047 4656; x_wconf 75' lang='lat' dir='ltr'>hus</span> <span class='ocrx_word' id='word_1_498' title='bbox 2099 4608 2138 4657; x_wconf 86' lang='lat' dir='ltr'>bis</span> <span class='ocrx_word' id='word_1_499' title='bbox 2191 4621 2253 4656; x_wconf 79' lang='lat' dir='ltr'>wera</span> 
     </span>
     <span class='ocr_line' id='line_1_39' title="bbox 329 4681 2254 4775; baseline 0.004 -31"><span class='ocrx_word' id='word_1_500' title='bbox 329 4701 408 4765; x_wconf 86' lang='lat' dir='ltr'>quae</span> <span class='ocrx_word' id='word_1_501' title='bbox 442 4681 548 4746; x_wconf 87' lang='lat' dir='ltr'>uident</span> <span class='ocrx_word' id='word_1_502' title='bbox 581 4681 723 4769; x_wconf 89' lang='lat' dir='ltr'>discipuli</span> <span class='ocrx_word' id='word_1_503' title='bbox 762 4704 826 4747; x_wconf 90' lang='lat' dir='ltr'>non</span> <span class='ocrx_word' id='word_1_504' title='bbox 866 4682 989 4750; x_wconf 88' lang='lat' dir='ltr'>uidisse.</span> <span class='ocrx_word' id='word_1_505' title='bbox 1052 4709 1143 4751; x_wconf 78' lang='lat' dir='ltr'>xum.</span> <span class='ocrx_word' id='word_1_506' title='bbox 1172 4685 1266 4774; x_wconf 87' lang='lat' dir='ltr'>Legis</span> <span class='ocrx_word' id='word_1_507' title='bbox 1317 4689 1415 4775; x_wconf 88' lang='lat' dir='ltr'>perito</span> <span class='ocrx_word' id='word_1_508' title='bbox 1465 4687 1504 4753; x_wconf 89' lang='lat' dir='ltr'>de</span> <span class='ocrx_word' id='word_1_509' title='bbox 1522 4689 1586 4753; x_wconf 84' lang='lat' dir='ltr'>uita</span> <span class='ocrx_word' id='word_1_510' title='bbox 1606 4697 1731 4752; x_wconf 83' lang='lat' dir='ltr'>aeterna</span> <span class='ocrx_word' id='word_1_511' title='bbox 1750 4697 1917 4774; x_wconf 88' lang='lat' dir='ltr'>quaerente</span> <span class='ocrx_word' id='word_1_512' title='bbox 1937 4697 1968 4753; x_wconf 91' lang='lat' dir='ltr'>et</span> <span class='ocrx_word' id='word_1_513' title='bbox 1989 4686 2057 4772; x_wconf 88' lang='lat' dir='ltr'>quis</span> <span class='ocrx_word' id='word_1_514' title='bbox 2084 4687 2149 4752; x_wconf 88' lang='lat' dir='ltr'>eius</span> <span class='ocrx_word' id='word_1_515' title='bbox 2174 4695 2254 4752; x_wconf 88' lang='lat' dir='ltr'>esset</span> 
     </span>
    </p>
   </div>
   <div class='ocr_carea' id='block_1_23' title="bbox 266 4817 2254 4988">
    <p class='ocr_par' dir='ltr' id='par_1_23' title="bbox 266 4817 2254 4988">
     <span class='ocr_line' id='line_1_40' title="bbox 341 4817 2228 4887; baseline 0.002 -20"><span class='ocrx_word' id='word_1_516' title='bbox 341 4817 376 4867; x_wconf 77' lang='lat' dir='ltr'>&#39;te</span> <span class='ocrx_word' id='word_1_517' title='bbox 392 4825 477 4868; x_wconf 85' lang='lat' dir='ltr'>neesta</span> <span class='ocrx_word' id='word_1_518' title='bbox 533 4817 677 4880; x_wconf 70' lang='lat' dir='ltr'>boimunde</span> <span class='ocrx_word' id='word_1_519' title='bbox 725 4819 836 4870; x_wconf 65' lang='lat' dir='ltr'>inlaedeb</span> <span class='ocrx_word' id='word_1_520' title='bbox 904 4822 1021 4886; x_wconf 75' lang='lat' dir='ltr'>geddnng</span> <span class='ocrx_word' id='word_1_521' title='bbox 1072 4822 1126 4872; x_wconf 77' lang='lat' dir='ltr'>’tas</span> <span class='ocrx_word' id='word_1_522' title='bbox 1143 4823 1245 4873; x_wconf 68' lang='lat' dir='ltr'>sunda</span> <span class='ocrx_word' id='word_1_523' title='bbox 1282 4824 1346 4874; x_wconf 81' lang='lat' dir='ltr'>&#39;tam</span> <span class='ocrx_word' id='word_1_524' title='bbox 1397 4825 1500 4887; x_wconf 76' lang='lat' dir='ltr'>gebrobt</span> <span class='ocrx_word' id='word_1_525' title='bbox 1550 4827 1587 4875; x_wconf 78' lang='lat' dir='ltr'>fro</span> <span class='ocrx_word' id='word_1_526' title='bbox 1633 4825 1784 4874; x_wconf 68' lang='lat' dir='ltr'>samaritana</span> <span class='ocrx_word' id='word_1_527' title='bbox 1867 4823 2047 4873; x_wconf 80' lang='lat' dir='ltr'>mlltbeortnise</span> <span class='ocrx_word' id='word_1_528' title='bbox 2133 4821 2228 4870; x_wconf 77' lang='lat' dir='ltr'>bebead</span> 
     </span>
     <span class='ocr_line' id='line_1_41' title="bbox 266 4897 2254 4988; baseline 0.001 -26"><span class='ocrx_word' id='word_1_529' title='bbox 266 4899 307 4962; x_wconf 83' lang='lat'>20</span> <span class='ocrx_word' id='word_1_530' title='bbox 328 4897 487 4985; x_wconf 82' lang='lat' dir='ltr'>proximus</span> <span class='ocrx_word' id='word_1_531' title='bbox 516 4898 687 4964; x_wconf 87' lang='lat' dir='ltr'>sciscitante</span> <span class='ocrx_word' id='word_1_532' title='bbox 725 4898 842 4965; x_wconf 90' lang='lat' dir='ltr'>inducit</span> <span class='ocrx_word' id='word_1_533' title='bbox 871 4901 1052 4987; x_wconf 86' lang='lat' dir='ltr'>parabolam</span> <span class='ocrx_word' id='word_1_534' title='bbox 1084 4901 1235 4968; x_wconf 89' lang='lat' dir='ltr'>uulnerati</span> <span class='ocrx_word' id='word_1_535' title='bbox 1284 4905 1333 4968; x_wconf 89' lang='lat' dir='ltr'>cui</span> <span class='ocrx_word' id='word_1_536' title='bbox 1367 4904 1522 4970; x_wconf 88' lang='lat' dir='ltr'>conlatam</span> <span class='ocrx_word' id='word_1_537' title='bbox 1554 4929 1573 4970; x_wconf 89' lang='lat' dir='ltr'>a</span> <span class='ocrx_word' id='word_1_538' title='bbox 1610 4901 1804 4972; x_wconf 86' lang='lat' dir='ltr'>Samaritano</span> <span class='ocrx_word' id='word_1_539' title='bbox 1834 4901 2074 4968; x_wconf 84' lang='lat' dir='ltr'>misericordiam</span> <span class='ocrx_word' id='word_1_540' title='bbox 2104 4900 2254 4988; x_wconf 89' lang='lat' dir='ltr'>praecipit</span> 
     </span>
    </p>
   </div>
   <div class='ocr_carea' id='block_1_24' title="bbox 328 5049 2252 5222">
    <p class='ocr_par' dir='ltr' id='par_1_24' title="bbox 328 5049 2252 5222">
     <span class='ocr_line' id='line_1_42' title="bbox 358 5049 2252 5118; baseline 0.003 -20"><span class='ocrx_word' id='word_1_541' title='bbox 358 5051 492 5114; x_wconf 82' lang='lat' dir='ltr'>gebisoned</span> <span class='ocrx_word' id='word_1_542' title='bbox 922 5053 975 5104; x_wconf 78' lang='lat' dir='ltr'>&#39;tes</span> <span class='ocrx_word' id='word_1_543' title='bbox 994 5054 1196 5106; x_wconf 86' lang='lat' dir='ltr'>embehtmonues</span> <span class='ocrx_word' id='word_1_544' title='bbox 1346 5061 1374 5106; x_wconf 80' lang='lat' dir='ltr'>ot</span> <span class='ocrx_word' id='word_1_545' title='bbox 1417 5049 1503 5107; x_wconf 76' lang='lat' dir='ltr'>suoesi</span> <span class='ocrx_word' id='word_1_546' title='bbox 1560 5071 1592 5108; x_wconf 87' lang='lat' dir='ltr'>ne</span> <span class='ocrx_word' id='word_1_547' title='bbox 1649 5056 1692 5105; x_wconf 79' lang='lat' dir='ltr'>bia</span> <span class='ocrx_word' id='word_1_548' title='bbox 1747 5052 1869 5118; x_wconf 85' lang='lat' dir='ltr'>belpcndc</span> <span class='ocrx_word' id='word_1_549' title='bbox 1936 5068 2040 5118; x_wconf 76' lang='lat' dir='ltr'>gecoren</span> <span class='ocrx_word' id='word_1_550' title='bbox 2084 5053 2252 5104; x_wconf 78' lang='lat' dir='ltr'>hiat’taileo</span> 
     </span>
     <span class='ocr_line' id='line_1_43' title="bbox 328 5129 2191 5222; baseline 0.003 -27"><span class='ocrx_word' id='word_1_551' title='bbox 328 5129 515 5196; x_wconf 82' lang='lat' dir='ltr'>imitandam.</span> <span class='ocrx_word' id='word_1_552' title='bbox 567 5155 672 5196; x_wconf 86' lang='grc' dir='ltr'><strong>ιιιιιιι.</strong></span> <span class='ocrx_word' id='word_1_553' title='bbox 694 5129 892 5211; x_wconf 84' lang='lat' dir='ltr'>Quaerellam</span> <span class='ocrx_word' id='word_1_554' title='bbox 957 5133 1156 5199; x_wconf 84' lang='lat' dir='ltr'>ministrantis</span> <span class='ocrx_word' id='word_1_555' title='bbox 1210 5133 1311 5200; x_wconf 85' lang='lat' dir='ltr'>Marte</span> <span class='ocrx_word' id='word_1_556' title='bbox 1338 5136 1378 5202; x_wconf 90' lang='lat' dir='ltr'>de</span> <span class='ocrx_word' id='word_1_557' title='bbox 1403 5158 1511 5202; x_wconf 89' lang='lat' dir='ltr'>sorore</span> <span class='ocrx_word' id='word_1_558' title='bbox 1539 5159 1603 5202; x_wconf 93' lang='lat' dir='ltr'>non</span> <span class='ocrx_word' id='word_1_559' title='bbox 1630 5156 1698 5200; x_wconf 87' lang='lat' dir='ltr'>eam</span> <span class='ocrx_word' id='word_1_560' title='bbox 1723 5135 1888 5200; x_wconf 85' lang='lat' dir='ltr'>adiuuante</span> <span class='ocrx_word' id='word_1_561' title='bbox 1908 5135 2054 5222; x_wconf 87' lang='lat' dir='ltr'>optimam</span> <span class='ocrx_word' id='word_1_562' title='bbox 2122 5155 2191 5200; x_wconf 83' lang='lat' dir='ltr'>eam</span> 
     </span>
    </p>
   </div>
   <div class='ocr_carea' id='block_1_25' title="bbox 328 5308 2251 5424">
    <p class='ocr_par' dir='ltr' id='par_1_25' title="bbox 328 5308 2251 5424">
     <span class='ocr_line' id='line_1_44' title="bbox 328 5308 2251 5370; baseline 0.004 -20"><span class='ocrx_word' id='word_1_563' title='bbox 328 5308 685 5362; x_wconf 71' lang='lat' dir='ltr'>³.1.pronuuio.—haereo!s.</span> <span class='ocrx_word' id='word_1_564' title='bbox 710 5315 731 5358; x_wconf 73' lang='lat' dir='ltr'>t.</span> <span class='ocrx_word' id='word_1_565' title='bbox 744 5316 759 5359; x_wconf 85' lang='lat'>1.</span> <span class='ocrx_word' id='word_1_566' title='bbox 771 5316 928 5360; x_wconf 75' lang='lat' dir='ltr'>resuscitatae.</span> <span class='ocrx_word' id='word_1_567' title='bbox 953 5317 973 5358; x_wconf 82' lang='lat'>⁵.</span> <span class='ocrx_word' id='word_1_568' title='bbox 985 5315 1000 5358; x_wconf 83' lang='lat'>1.</span> <span class='ocrx_word' id='word_1_569' title='bbox 1016 5314 1195 5369; x_wconf 78' lang='lat' dir='ltr'>praedicaturos.</span> <span class='ocrx_word' id='word_1_570' title='bbox 1209 5315 1318 5359; x_wconf 71' lang='lat' dir='ltr'>Herodes.</span> <span class='ocrx_word' id='word_1_571' title='bbox 1345 5315 1377 5358; x_wconf 84' lang='lat'>11.</span> <span class='ocrx_word' id='word_1_572' title='bbox 1392 5315 1406 5358; x_wconf 85' lang='lat'>1.</span> <span class='ocrx_word' id='word_1_573' title='bbox 1421 5315 1525 5368; x_wconf 64' lang='lat' dir='ltr'>punctu.</span> <span class='ocrx_word' id='word_1_574' title='bbox 1552 5315 1585 5357; x_wconf 73' lang='lat' dir='ltr'>tt.</span> <span class='ocrx_word' id='word_1_575' title='bbox 1600 5314 1614 5357; x_wconf 86' lang='grc' dir='ltr'>Ι.</span> <span class='ocrx_word' id='word_1_576' title='bbox 1627 5313 1711 5358; x_wconf 80' lang='lat' dir='ltr'>iuueni.</span> <span class='ocrx_word' id='word_1_577' title='bbox 1737 5314 1768 5358; x_wconf 82' lang='lat'>16.</span> <span class='ocrx_word' id='word_1_578' title='bbox 1783 5313 1964 5370; x_wconf 67' lang='lat' dir='ltr'>ungeleetalloco</span> <span class='ocrx_word' id='word_1_579' title='bbox 1976 5313 2023 5357; x_wconf 75' lang='lat'>18.</span> <span class='ocrx_word' id='word_1_580' title='bbox 2044 5314 2076 5357; x_wconf 78' lang='lat'>2⁰.</span> <span class='ocrx_word' id='word_1_581' title='bbox 2089 5311 2251 5357; x_wconf 74' lang='lat' dir='ltr'>nuthcortnte·</span> 
     </span>
     <span class='ocr_line' id='line_1_45' title="bbox 366 5376 683 5424; baseline 0.025 -8"><span class='ocrx_word' id='word_1_582' title='bbox 366 5376 415 5420; x_wconf 83' lang='lat' dir='ltr'>nise</span> <span class='ocrx_word' id='word_1_583' title='bbox 430 5377 475 5422; x_wconf 69' lang='lat'>18.</span> <span class='ocrx_word' id='word_1_584' title='bbox 501 5377 532 5420; x_wconf 81' lang='lat'>2¹.</span> <span class='ocrx_word' id='word_1_585' title='bbox 546 5378 561 5420; x_wconf 91' lang='grc'>1.</span> <span class='ocrx_word' id='word_1_586' title='bbox 574 5379 683 5424; x_wconf 78' lang='lat' dir='ltr'>llartbae.</span> 
     </span>
    </p>
   </div>
   <div class='ocr_carea' id='block_1_26' title="bbox 0 0 2494 6304">
    <p class='ocr_par' dir='ltr' id='par_1_26' title="bbox 0 0 2494 6304">
     <span class='ocr_line' id='line_1_46' title="bbox 0 0 2494 6304; baseline 0 0"><span class='ocrx_word' id='word_1_587' title='bbox 0 0 2494 6304; x_wconf 95' lang='lat' dir='ltr'> </span> 
     </span>
    </p>
   </div>
  </div>
 </body>
</html>
