4980 6304
1149 409 1398 486 ..10-

340 611 486 660 vuldorlicu
674 609 710 660 rie
776 611 852 671 godes
887 625 945 660 corn
998 610 1091 676 sinapts
1154 613 1272 672 geetncde
1323 607 1339 670 Ἰ
1375 617 1402 660 to
1420 611 1508 661 dersto
1543 613 1580 661 fre
1606 610 1734 663 naronsts
1768 610 1866 663 eccon
1901 613 1957 663 lites
1983 627 2053 675 soeg
2086 613 2266 677 lytlstlytslrs

341 692 494 779 gloriosis.
538 715 603 756 avr.
626 690 769 776 Regnum
801 677 836 752 di
870 711 969 776 grano
991 689 1104 777 sinapis
1128 713 1299 777 conparans
1321 700 1351 756 et
1371 691 1522 756 fermento
1544 691 1583 756 de
1603 701 1734 776 angusta
1755 713 1878 780 quoque
1898 692 1980 759 uitae
1999 695 2050 757 uia
2085 711 2255 780 paucorum

345 831 464 894 sprecand
499 843 597 880 woeron
633 827 716 877 cuoe’t
742 825 926 876 ³tsator’tmesto
952 826 1088 892 hlaetmestp
1128 823 1144 886 Ἰ
1182 827 1218 877 'da
1235 827 1371 877 hlaetrncsto
1405 816 1517 878 f'dmesto
1754 829 1810 878 hero
1939 832 1983 879 fex
2075 830 2186 881 nemne't
2245 825 2263 890 Ἰ

342 908 472 995 loquens
504 919 594 974 erunt
628 908 727 994 inquit
787 905 879 993 primi
941 906 1099 971 nouissimi
1121 917 1151 971 et
1197 906 1355 972 nouissimi
1413 907 1513 994 primi.
1582 931 1660 974 nvn.
1697 907 1857 974 Herodem
1895 910 2021 997 uulpem
2062 910 2198 999 appellat
2236 919 2267 977 et

415 1047 455 1096 hle
557 1045 687 1106 gestasse
734 1043 801 1093 οἱοῦ
850 1044 890 1093 hta
924 1044 1033 1104 geseilde
1084 1044 1242 1095 onscccende
1853 1047 1969 1109 gegemds
1996 1048 2078 1098 suetos
2104 1051 2132 1099 os

342 1126 538 1192 Hierusalem
558 1126 696 1211 increpat
737 1123 793 1188 alis
834 1123 898 1188 eius
919 1124 1042 1210 protegi
1061 1133 1266 1213 respuentem.
1314 1147 1405 1189 aum.
1437 1122 1655 1210 Hydropieum
1687 1125 1814 1191 sabbato
1852 1149 1962 1192 curans
1994 1127 2080 1192 uelut
2110 1128 2266 1194 deumoris

348 1263 425 1314 scats
492 1264 592 1326 gefreod
701 1261 820 1324 lycccdon
1092 1262 1171 1312 males
1212 1262 1224 1309 t
1279 1275 1338 1312 oxos
1373 1276 1406 1312 on
1441 1261 1508 1312 {am
1564 1263 1641 1312 fallas
1735 1267 1763 1313 or
1777 1265 1894 1326 trahtung
1977 1265 2097 1326 gescends
2187 1265 2261 1328 adq

342 1353 435 1430 puteo
456 1342 620 1408 liberatum
641 1350 869 1406 murmurantes
889 1339 1066 1426 pharisaeos
1097 1341 1173 1404 asini
1191 1340 1243 1406 uel
1264 1341 1353 1406 bouis
1373 1341 1405 1404 in
1458 1363 1494 1406 eo
1537 1340 1672 1407 cadentis
1704 1343 1923 1408 extractatione
1959 1343 2120 1408 confundit
2145 1343 2268 1408 humili·

340 1480 453 1529 moduine
487 1493 521 1528 ac
539 1479 593 1528 'ten
644 1484 671 1528 to
689 1479 786 1540 tylgsna
841 1477 916 1526 lierda
960 1491 992 1526 on
1026 1478 1167 1540 gebearsatp
1203 1477 1256 1527 'tat
1271 1466 1323 1526 ima
1401 1486 1481 1541 ,erest
1564 1479 1659 1527 bebead
1709 1492 1741 1529 ue
1758 1479 1829 1528 sohte
1889 1480 1976 1529 tuere
1994 1485 2021 1530 to
2042 1495 2145 1530 soecane
2215 1495 2247 1533 ne

301 1561 436 1626 etatem
478 1579 602 1646 quoque
622 1557 800 1623 sectandam
821 1556 935 1620 docens
963 1557 995 1619 in
1022 1556 1163 1620 conuiuio
1192 1556 1325 1644 primum
1346 1557 1519 1622 accubitum
1539 1557 1688 1644 praecipit
1739 1580 1802 1623 uon
1916 1560 2127 1645 quaerendum
2209 1581 2267 1626 nee

349 1698 437 1759 religo
478 1697 508 1745 ch
536 1695 700 1746 §edomando
728 1693 800 1744 ³da'te
834 1708 865 1743 ne
935 1692 1042 1742 adsolet
1091 1707 1154 1741 were
1188 1698 1214 1741 to
1232 1693 1354 1742 tocdenne
1709 1695 1783 1746 sete’6
1841 1696 1959 1760 geddung
2010 1700 2039 1748 ot
2070 1697 2137 1748 {cm
2151 1698 2265 1749 la'dendd

342 1777 452 1842 diuites
472 1776 527 1841 sed
547 1797 697 1863 pauperes
737 1773 790 1859 qui
818 1795 881 1838 non
902 1773 1074 1837 retribuent
1092 1794 1159 1837 esse
1184 1773 1364 1860 pascendos.
1388 1773 1453 1858 [fol.
1469 1772 1551 1862 134]
1571 1797 1677 1839 avrm.
1691 1773 1785 1839 Ponit
1803 1775 1983 1862 parabolam
2005 1777 2045 1842 de
2091 1778 2225 1842 inuitatis

341 1914 403 1964 se’te
438 1915 497 1964 hine
545 1902 649 1963 leucade
692 1912 830 1974 gemende
847 1911 859 1958 t
876 1909 1005 1972 getelsdon
1040 1910 1134 1971 symbel
1168 1924 1200 1960 ue
1258 1925 1355 1961 woeron
1398 1911 1485 1973 wyr'to
1663 1911 1753 1962 la'tnm
1853 1912 1890 1964 es
1907 1914 2007 1963 nedlicn
2074 1913 2132 1966 ml'd
2150 1914 2204 1965 'ton
2247 1913 2263 1976 Ἰ

343 1995 396 2080 qui
448 2015 482 2058 se
523 2013 672 2058 excusare
773 1990 930 2055 studentes
1052 2011 1128 2054 cena
1157 2011 1221 2054 non
1252 1989 1368 2054 fuerint
1402 1990 1498 2077 digni.
1556 2014 1607 2056 nx.
1639 1991 1780 2058 Odituris
1811 1993 2050 2060 necessitudines
2080 1995 2207 2083 insuper
2236 2005 2267 2062 ct

384 2134 452 2181 sauel
527 2131 566 2180 his
613 2127 630 2189 Ἰ
668 2129 790 2189 ondlonge
831 2128 891 2177 rode
925 2127 1071 2190 getylgendo
1089 2139 1171 2176 woero
1257 2125 1366 2202 'psalte
1455 2128 1637 2191 gattmhrsndss
1676 2134 1755 2179 torres
1788 2125 1805 2192 Ἰ
1842 2132 1870 2181 ot
1892 2131 1974 2194 gefelt
2007 2133 2114 2195 cyntngs
2158 2139 2248 2196 tuoegs

343 2212 477 2276 animam
498 2232 586 2276 suam
607 2219 637 2275 et
657 2217 791 2272 assumta
812 2228 903 2272 cruce
983 2207 1117 2271 secuturi
1190 2206 1420 2273 similitudinem
1451 2207 1641 2273 aedificende
1669 2209 1762 2273 turris
1783 2220 1814 2275 et
1833 2210 1872 2276 de
1892 2210 1976 2276 bello
2007 2232 2115 2298 regum
2133 2211 2266 2278 duorum

341 2349 479 2412 gesceadet
525 2345 594 2408 Ἰιιο
638 2348 674 2396 sle
725 2339 830 2408 hwel[c]
850 2345 862 2392 l
879 2345 944 2405 entg
995 2345 1043 2393 salt
1290 2345 1321 2394 ah
1380 2358 1437 2395 soro
1495 2345 1597 2395 habba’t
1631 2351 1658 2396 to
1676 2347 1783 2396 herenna
2242 2350 2270 2398 ot

342 2430 469 2517 exponit
511 2450 591 2494 neue
632 2426 671 2490 sit
790 2423 857 2510 quis
992 2423 1038 2487 sal
1068 2422 1251 2488 infatuatum
1278 2424 1334 2490 sed
1361 2445 1450 2490 aures
1489 2424 1603 2490 habeat
1633 2426 1786 2492 audiendi.
1841 2450 1906 2492 nn.
1935 2427 2200 2493 Murmurantibus
2228 2428 2267 2494 de

399 2581 479 2628 synna
569 2563 710 2628 gebearscip
775 2559 893 2624 gaddana
953 2558 1085 2624 seipas]
1129 2561 1245 2622 caseum
1285 2561 1381 2612 settei't
1438 2563 1542 2624 tegetes
1639 2564 1734 2615 babaad
1825 2562 1938 2641 *figeres
1989 2567 2026 2614 tro
2094 2565 2234 2616 hreovuisu

282 2648 322 2712 10
342 2655 537 2734 peccatorum
569 2642 713 2710 conuiuio
745 2639 925 2728 parabolam
967 2640 1033 2705 ouis
1067 2647 1099 2704 et
1119 2639 1256 2727 dragmae
1291 2641 1379 2728 ponit
1412 2641 1557 2708 inuentae
1576 2644 1795 2709 commendans
1815 2644 1963 2732 gaudium
1985 2643 2024 2708 de
2059 2645 2268 2733 poenitentum

362 2785 425 2834 haelo
477 2782 623 2845 tocymende
816 2776 935 2840 geddung
999 2783 1092 2839 gesette
1131 2781 1168 2828 tto
1202 2783 1311 2828 vestano
1345 2776 1362 2838 Ἰ
1403 2779 1471 2829 tem
1488 2793 1550 2841 erge
1593 2794 1684 2830 sunum
1732 2777 1863 2856 pettam
1933 2780 2019 2830 behele
2082 2788 2109 2831 to
2167 2783 2235 2832 rader

341 2863 441 2927 salute
485 2862 599 2926 futurit.
672 2883 750 2924 aru.
777 2856 964 2922 Parabolam
984 2879 1103 2943 ponens
1132 2857 1172 2922 de
1222 2856 1306 2944 frugi
1340 2868 1371 2924 et
1396 2858 1556 2924 luxoriose
1608 2859 1678 2924 filiis
1712 2860 1890 2926 reuersione
1918 2860 2043 2947 prodigi
2074 2861 2114 2926 ad
2149 2871 2268 2949 patrem

380 3001 442 3049 haelo
511 2999 596 3062 scge't
641 2997 709 3048 tara
725 2997 838 3045 breonise
1036 2995 1072 3044 fro
1107 2997 1205 3056 geronta
1243 2996 1433 3045 unrehtsrisniso
1467 2998 1504 3046 tro
1611 2995 1712 3060 urgello
1815 2997 1877 3048 se’te
1911 2996 2026 3075 *ltacyld
2065 2998 2187 3048 hlcterdes
2220 2999 2260 3050 his

335 3080 474 3148 ,salutem
495 3078 611 3144 indicat
635 3077 853 3164 poenitentum.
906 3097 998 3138 nxrn.
1028 3072 1081 3138 De
1111 3073 1203 3140 uilico
1252 3074 1418 3161 iniquitatis
1461 3097 1501 3141 ex
1533 3075 1780 3143 dissimilitudine
1814 3077 1866 3164 qui
1899 3078 2037 3144 debitum
2067 3077 2184 3143 domini
2221 3080 2268 3144 sui

449 3217 581 3280 hogascipe
793 3209 897 3262 tnneads
914 3209 926 3258 t
945 3210 1007 3261 lade
1159 3226 1192 3261 ne
1231 3211 1319 3261 mahta
1353 3213 1417 3274 gode
1469 3213 1527 3263 here
1619 3215 1683 3276 erig
1764 3211 1781 3274 Ἰ
2002 3217 2106 3278 &meras
2150 3215 2251 3279 ge’trati

340 3309 407 3363 astu
425 3297 597 3362 sollertiore
617 3294 770 3359 minuerat
808 3290 982 3357 introducit.
1013 3314 1119 3355 nx1111.
1132 3290 1206 3355 Non
1226 3312 1317 3379 posse
1364 3292 1405 3357 de
1430 3295 1548 3359 seruire
1577 3301 1732 3382 quemque
1758 3302 1788 3358 et
1810 3315 1973 3359 mamonae
2000 3316 2111 3360 suares
2133 3294 2271 3383 increpat

355 3437 392 3488 'ta
411 3438 513 3486 alarum
597 3430 653 3492 Ἰο
730 3429 813 3480 moes
865 3429 878 3477 t
972 3431 1047 3492 wttgo
1140 3429 1194 3480 wit
1212 3435 1239 3478 to
1364 3430 1407 3479 tola
1695 3427 1711 3490 Ἰ
1756 3429 1808 3506 'pte
1893 3418 1983 3480 fleorte
2025 3431 2120 3480 anchus
2176 3431 2221 3480 wit

341 3516 518 3605 pharisaeos
539 3513 703 3600 legemque
722 3509 826 3574 dicens
848 3508 898 3572 uel
918 3508 1085 3597 prophetas
1115 3529 1213 3595 usque
1233 3508 1273 3573 ad
1297 3507 1472 3574 Iohannem
1499 3509 1661 3599 baptistam
1690 3521 1721 3576 et
1740 3511 1824 3599 quod
1846 3511 2007 3576 demittens
2035 3511 2103 3598 quis
2138 3531 2269 3578 uxorem

366 3652 506 3716 gesyngada
679 3648 714 3698 ’te
731 3648 924 3698 unmilthaortne
982 3646 1068 3709 weltgs
1118 3644 1359 3709 gehiuadns·l·mi’6
1375 3647 1433 3698 telle
1467 3644 1483 3707 Ἰ
1527 3647 1595 3697 cone
1615 3646 1688 3697 ’torte
1959 3648 2067 3698 intedde
2152 3648 2270 3700 edeaude

282 3735 321 3800 15
343 3732 529 3797 moechatur.
572 3751 644 3794 axv.
665 3727 936 3792 Inmisericordem
957 3727 1083 3791 diuitem
1177 3736 1380 3814 purpuratum
1453 3735 1484 3791 et
1518 3747 1686 3814 pauperem
1715 3721 1870 3792 Lazarum
1902 3727 2100 3792 introducens
2137 3727 2271 3794 ostendit

358 3870 432 3918 hutco
467 3881 530 3916 vcro
566 3864 698 3918 {rorando
733 3866 853 3914 tractares
888 3879 933 3915 sua
972 3865 1128 3927 geeamadon
1171 3863 1223 3942 *pte
1241 3864 1283 3913 hia
1298 3877 1362 3914 were
1381 3865 1488 3927 gsptnad
1516 3864 1648 3928 scearplice
1818 3879 1861 3914 we
1910 3879 1961 3914 cue
1996 3865 2063 3915 cem
2080 3863 2270 3928 ondspyruende

342 3948 445 4038 qualia
472 3947 533 4010 sint
570 3946 690 4033 passuri
721 3955 860 4032 raptores
888 3945 932 4010 sic
958 3954 1136 4010 maerentur
1268 3943 1371 4032 puniri
1515 3953 1647 4008 tenaces.
1690 3944 1867 4013 axr1.Uee
1897 3943 1971 4010 dicit
2020 3945 2239 4012 scandalizanti

340 4071 407 4121 tam
425 4066 560 4118 hrawende
604 4081 638 4116 ee
679 4066 773 4117 bro’ter
815 4070 862 4115 unt
902 4066 1141 4128 undseetontiget’ta
1175 4067 1243 4115 secta
1261 4065 1322 4116 st’ta
1389 4064 1449 4115 heht
1503 4063 1555 4142 pte
1573 4079 1635 4113 were
1654 4053 1734 4126 fgeten
1952 4064 2024 4129 getes
2078 4065 2130 4114 him
2169 4066 2252 4117 baden

369 4146 535 4236 paenitenti
577 4167 651 4210 uero
684 4145 771 4209 fratri
805 4147 864 4210 ctis
936 4145 1109 4234 septuagies
1194 4144 1306 4233 septies
1345 4143 1484 4232 praecipit
1516 4144 1743 4210 remittendum.
1791 4168 1891 4211 nxvn.
1921 4144 2043 4232 Augen'
2075 4143 2132 4209 sibi
2161 4153 2272 4233 petunt

342 4288 379 4337 '6⁸
397 4285 522 4350 apostolas
670 4281 686 4344 Ἰ
724 4283 846 4344 geherdon
882 4287 910 4334 ot
980 4273 1092 4346 fasagat
1182 4289 1247 4333 trees
1340 4281 1430 4332 conisa
1494 4278 1644 4344 Jgeeetsno
1693 4283 1749 4333 mi’t
1767 4283 1852 4333 bissus
1901 4285 1939 4332 fro
1988 4295 2046 4331 esna
2085 4282 2192 4331 herendo
2241 4283 2254 4332 t

364 4366 495 4454 apostoli
568 4363 631 4428 fide
668 4372 697 4428 et
723 4363 851 4427 audiunt
878 4364 916 4428 de
937 4363 1137 4428 translatione
1158 4362 1278 4426 arboris
1298 4361 1474 4426 facultatem
1496 4361 1656 4448 positaque
1675 4361 1873 4427 similitudine
1899 4361 1938 4426 de
1969 4383 2060 4427 seruo
2088 4370 2193 4426 arante
2219 4361 2271 4427 uel

357 4487 480 4538 toedends
518 4485 595 4536 laere’t
629 4483 656 4560 ᾗ
694 4483 729 4534 ta
746 4483 798 4533 tdlo
834 4485 876 4534 hta
919 4498 963 4546 ges
1028 4481 1145 4546 getyldon
1194 4483 1266 4534 ’tate
1315 4482 1429 4532 beboden
1464 4495 1562 4533 woeron
1597 4481 1736 4546 geondetad
1753 4483 1806 4532 sint
1973 4489 2013 4532 tea
2030 4483 2042 4531 t
2058 4487 2117 4533 tene
2165 4484 2247 4532 hreato

343 4577 487 4656 pascente
508 4567 598 4631 docet
624 4575 659 4630 ut
682 4564 806 4628 inutiles
840 4585 873 4629 se
896 4564 987 4628 etiam
1007 4562 1168 4650 implentes
1189 4585 1269 4650 quae
1289 4573 1453 4650 praecepta
1483 4571 1556 4627 sunt
1616 4563 1778 4628 fateantur.
1840 4584 1953 4626 uxum.
1989 4560 2109 4626 Decem
2141 4560 2271 4648 leprosis

345 4689 495 4751 geclaensada
744 4699 774 4733 an
829 4697 919 4733 nomae
969 4679 985 4742 Ἰ
1031 4683 1074 4733 ’tis
1110 4684 1221 4734 utacund
1240 4698 1306 4746 cynn
1341 4689 1367 4733 to
1404 4683 1538 4745 §orange
1572 4681 1705 4744 gewoende
1747 4682 1799 4758 pte
1818 4695 1899 4732 woero
1917 4689 2068 4734 toeeceeune

283 4771 325 4836 20
345 4763 697 4858 mundatis[fol.134b]
722 4786 801 4831 unus
821 4773 939 4828 tantum
970 4773 1001 4828 et
1020 4762 1081 4828 hoc
1122 4763 1296 4850 alienigena
1336 4762 1378 4827 ad
1417 4762 1533 4849 gratias
1565 4761 1730 4828 reuertitur
1824 4762 2010 4828 referendas.
2144 4786 2271 4830 uxum.

353 4904 407 4939 wes
425 4886 549 4950 linguerd
588 4891 624 4937 tro
695 4889 735 4938 ttd
818 4887 880 4934 rices
917 4886 993 4947 godes
1011 4885 1185 4948 geonduearda
1220 4898 1252 4934 ns
1296 4883 1354 4934 mit
1444 4883 1533 4944 gotald
1620 4884 1766 4946 tecymende
1816 4880 1911 4943 ltine
1944 4883 2073 4934 te’ounerl
2119 4883 2238 4946 &amada

343 4970 558 5054 Interrogatus
584 4967 623 5032 de
642 4977 781 5055 tempore
801 4967 891 5052 regni
938 4954 974 5029 di
1018 4964 1177 5053 respoudit
1197 4984 1260 5027 non
1287 4984 1357 5027 cum
1379 4963 1595 5028 obseruatione
1609 4972 1774 5028 uentmnm
1794 4985 1927 5050 eumque
1947 4964 2062 5052 fulgori
2090 4985 2273 5052 comparans

366 5089 526 5140 niomendet
577 5089 619 5138 hia
653 5089 736 5139 euoe’t
794 5101 868 5138 menn
953 5101 999 5136 sua
1039 5101 1071 5137 on
1133 5085 1198 5143 daed
1250 5095 1310 5132 noes
1344 5080 1361 5143 Ἰ
1406 5084 1459 5134 loth
1499 5081 1515 5143 Ἰ
1562 5087 1590 5133 ot
1621 5089 1696 5134 tuem
1736 5099 1769 5135 on
1815 5087 1862 5134 hus
1902 5097 1936 5134 on
1970 5098 2042 5135 coam
2081 5082 2098 5145 Ἰ
2135 5098 2168 5134 on
2210 5083 2272 5133 lond

346 5169 542 5257 occupandos
571 5191 623 5234 eos
658 5167 732 5232 dicit
758 5168 898 5232 homines
933 5165 1012 5230 sieut
1042 5165 1075 5228 in
1107 5162 1214 5229 diebus
1241 5161 1312 5228 Noe
1333 5172 1365 5228 et
1386 5161 1468 5227 Loth
1490 5173 1520 5229 et
1546 5163 1585 5228 de
1615 5163 1696 5228 binis
1734 5165 1765 5228 in
1793 5173 1873 5230 tecto
1901 5165 1935 5229 in
1960 5164 2045 5230 mola
2072 5175 2103 5230 et
2130 5165 2163 5229 in
2194 5185 2272 5251 agro

331 5315 608 5378 1.15tlatytalratts.
641 5318 664 5364 ³.
683 5315 699 5362 t
717 5315 747 5362 de
766 5313 883 5362 humoris.
917 5311 1083 5361 s.1.osuru.
1118 5311 1141 5357 8.
1158 5307 1174 5356 l.
1194 5309 1324 5358 secuturis.
1361 5308 1592 5361 10.1.drachmas.
1628 5308 1667 5363 ll.
1686 5310 1703 5359 l.
1721 5310 1856 5361 dimittens.
1890 5312 1929 5360 lt.
1953 5308 1970 5357 l.
1993 5317 2124 5362 merentur.
2148 5309 2273 5374 ondspyr·

353 5402 429 5454 narde
446 5401 499 5452 MS.
538 5403 579 5451 20.
596 5401 613 5449 1.
631 5400 750 5449 sushuon.
792 5399 831 5446 21.
849 5399 866 5446 l.
884 5411 960 5462 aeque
977 5399 1077 5460 fulgori.
1113 5395 1187 5446 221.
1206 5396 1442 5458 occupandoaesse.
